3210 5174
257 371 325 447 206
805 405 934 448 mimi

350 565 442 626 1052.
466 563 767 647 ουγχωρεῖνπόοει]
791 564 835 626 01
861 562 941 626 Med.
966 564 1038 626 217.
1063 567 1265 644 προσχωρεῖν
1286 561 1383 623 πόλει.

350 654 442 715 1054.
466 652 587 736 λόγων]
622 651 679 729 Qu.
712 653 822 733 φίλων.
872 652 1031 715 Seidlerus
1063 653 1186 714 confert
1223 650 1303 714 Med.
1333 651 1407 712 932.
1442 650 1489 718 εἰς

257 743 355 823 ἐμοὺς
378 744 464 823 ἥκεις
487 743 610 823 λόγους.

350 832 442 894 1057.
466 833 519 894 καὶ
542 838 599 895 νῦν
622 834 657 911 γε’
672 855 755 913 φημι
771 831 830 915 -]
855 832 900 895 cf.
916 833 985 894 Alc.
1003 832 1075 893 374.
1099 831 1152 893 καί
1175 836 1232 892 νῦν
1255 830 1290 910 γε’
1304 852 1402 910 φημι,
1431 828 1490 890 καὶ

256 922 428 1002 τελευτήσω
453 922 534 984 τάδε.

350 1011 442 1072 1058.
467 1008 529 1091 ἆρα
552 1009 706 1092 κλύουσα]
735 1008 797 1091 ἆρά
812 1035 853 1091 με
877 1011 938 1086 (vel
966 1008 1029 1091 άρά
1054 1034 1096 1091 γε,
1120 1008 1170 1072 vel
1198 1027 1272 1070 cum
1296 1006 1490 1071 Hermanno

258 1098 309 1180 ἆρ’
338 1101 388 1175 ἂν)
421 1100 561 1162 κλύουσα
594 1102 675 1182 conj.
709 1099 839 1162 Seidier.
872 1097 912 1179 άρ
945 1097 980 1162 εὖ
1017 1100 1151 1180 λέγουσα
1184 1097 1292 1161 Elmsl.
1322 1098 1356 1159 in
1384 1096 1490 1160 CIaSS.

258 1189 370 1252 Journ.
394 1187 482 1251 XVI.
507 1190 571 1250 426
582 1208 612 1251 n.
646 1186 724 1268 ἀτάρ
757 1188 897 1251 κλύουσα
931 1189 1041 1270 σκλήρ’
1078 1191 1127 1269 ἔμ’
1156 1186 1208 1251 εἶτ’
1236 1189 1335 1268 ἔρξεις
1370 1191 1491 1256 κακῶς

258 1277 289 1340 F.
307 1277 356 1338 W.
380 1277 530 1342 Schmidt.

303 1366 413 1449 ἔρξεις]
438 1368 517 1447 ἐρεῖς
540 1386 612 1429 cum
637 1366 765 1430 Reiskio
790 1367 895 1430 Herw.

351 1457 443 1518 1065.
468 1455 655 1537 ἁρπασδεϊσ’
680 1456 787 1520 ἑκοῦσ’
811 1457 881 1533 (sio,
906 1455 1317 1539 ί0010001011100000600.

351 1546 443 1607 1068.
468 1547 507 1607 οὐ
532 1545 592 1626 γὰρ
616 1546 662 1614 ὡς
686 1546 780 1626 ἔγωγ’
805 1548 905 1609 ἴσασιν
928 1544 962 1608 εὖ
979 1567 1051 1609 mss.
1076 1546 1115 1608 οὐ
1139 1545 1200 1626 γὰρ
1216 1545 1262 1613 ὡς
1283 1542 1377 1625 ἔγωγ’
1402 1545 1495 1606 ἴσασί

258 1633 287 1695 α’
311 1633 346 1697 εὗ
370 1635 456 1697 PorS.
481 1635 519 1697 οιί
544 1636 603 1715 γάρ
628 1634 666 1706 α’,
695 1635 741 1704 ὡς
765 1636 869 1716 ἔγωγ’,
898 1637 998 1698 ίσαοιν
1027 1633 1061 1697 εὖ
1090 1633 1184 1698 Dobr.
1219 1635 1257 1697 οὐ
1281 1633 1355 1715 γάρ,
1384 1635 1432 1702 ὥς
1459 1633 1492 1696 α’

258 1725 352 1805 ἔγωγ’
377 1723 439 1801 (vel
462 1723 509 1793 ὥς
533 1727 560 1785 α’
585 1723 705 1805 ἐγῷδ’),
735 1726 835 1786 ἴσασιν
862 1723 897 1787 εὖ
926 1723 1075 1787 Schmidt,
1115 1723 1173 1799 Qu.
1202 1724 1241 1785 οδ
1264 1722 1325 1804 γάρ
1349 1723 1395 1793 ὡς
1419 1724 1491 1803 ἐγώ

259 1813 287 1874 α’
311 1815 411 1876 ἴσασιν
435 1811 470 1875 ειί
494 1814 593 1893 (Hart.
617 1812 757 1890 Weckl.).

351 1903 443 1964 1071.
468 1902 589 1974 ξανύδν
606 1901 660 1984 -]
685 1902 729 1966 01.
745 1902 794 1965 Fr.
813 1905 886 1981 322,
903 1907 930 1965 2.
946 1902 1054 1983 Ἔρως
1080 1940 1118 1947 -
1144 1902 1229 1984 φιλεῖ
1247 1901 1408 1982 κάτοπτρα
1431 1903 1493 1965 καί

258 1992 363 2073 κόμης
386 1991 590 2072 ξανθίσματα.

352 2082 443 2143 1073.
477 2082 520 2148 είς
551 2081 667 2150 κάλλος
699 2081 803 2162 ἀσκεῖ]
840 2080 883 2144 01
907 2081 975 2144 Tro.
1003 2082 1095 2143 1201.
1130 2082 1168 2142 οὐ
1201 2079 1262 2161 γὰρ
1294 2080 1338 2149 είς
1368 2080 1493 2151 κάλλος

259 2170 378 2251 τύχας]
401 2170 526 2250 δαίμων
551 2170 686 2233 δίδωσιν.
711 2170 793 2233 Χθιι.
817 2173 910 2251 Age&
936 2172 965 2248 9,
987 2172 1010 2231 l.
1034 2179 1079 2251 τῷ
1103 2170 1138 2232 δὲ
1161 2171 1204 2238 είς
1226 2169 1341 2238 κάλλος
1363 2171 1426 2251 βίῳ
1452 2172 1493 2233 τὸ

259 2264 332 2339 φώς
355 2260 476 2341 μᾶλλον
499 2259 624 2341 κόσμον
646 2261 802 2341 παρέχειν.
827 2259 900 2340 ογι·.
917 2258 1004 2321 VIII.
1025 2262 1051 2320 l.
1077 2261 1126 2321 33.
1151 2259 1230 2321 ἰδὼν
1255 2259 1283 2320 δ’
1306 2261 1346 2320 ἂν
1369 2258 1493 2329 αὐτοὺς

259 2350 371 2430 ήγήοω
394 2356 440 2429 τῴ
468 2349 531 2410 ὄντι
555 2350 598 2418 είς
620 2349 735 2417 κάλλος
759 2350 824 2430 ζῆν.
916 2349 1065 2429 διάγραφ’
1094 2348 1140 2418 ὡς
1168 2346 1268 2410 οὖσαν
1294 2347 1410 2431 κακήν]
1443 2347 1492 2411 01.

260 2438 299 2499 ad
315 2439 411 2500 Arist.
428 2436 500 2517 Iiys.
519 2439 590 2500 676.
616 2438 786 2518 διαγράφω
809 2437 882 2506 τοὺς
905 2438 1026 2506 ἱππέας.
1051 2437 1166 2501 Herod.
1189 2435 1259 2499 Vll.
1277 2438 1350 2497 214.
1374 2443 1493 2501 τοῦτον

260 2527 356 2589 αἴτιον
381 2528 505 2607 γράφω.

352 2616 444 2677 1074.
468 2615 627 2699 θύραισιν]
653 2614 735 2699 Lege
758 2617 901 2697 θύρασιν.

352 2706 445 2768 1077.
468 2705 591 2787 πατρῷ’
608 2705 647 2787 ἠν
663 2707 777 2787 εὐτυχῆ
794 2725 866 2769 mss.
890 2704 926 2767 τὰ
946 2704 1069 2785 Τρώων
1089 2705 1217 2786 εὐτυχοῖ
1229 2703 1346 2786 Musgr.
1363 2702 1492 2768 Sohaef.

260 2792 380 2857 Weckl.
419 2793 523 2857 Recte.
788 2791 790 2807 ¹

352 2885 444 2945 1078.
478 2887 696 2964 ξυννεφοῖιοαν
729 2883 872 2966 ὄμματα]
911 2883 977 2945 Iino
1010 2884 1228 2964 ουννέφουοαν
1261 2919 1316 2941 -.
1367 2882 1409 2945 Et
1443 2885 1494 2946 sic

261 2972 401 3036 Cobetus
424 2972 461 3034 V.
479 2971 511 3034 L.
536 2993 564 3055 p.
590 2974 659 3034 134.
699 2974 743 3036 01.
761 2973 835 3035 Eur.
852 2972 900 3034 Fr.
918 2975 991 3048 332,
1010 2976 1037 3033 7.
1054 2973 1139 3035 οὕτω
1164 2972 1198 3034 δὲ
1214 2974 1342 3054 θνητῶν
1358 2973 1493 3053 σπέρμα

259 3067 324 3124 τῶν
346 3062 406 3143 μὲν
429 3063 572 3143 εὐτυχεῖ]
593 3063 725 3143 λαμπρᾷ
748 3064 881 3144 γαλήνη,
905 3068 969 3124 τῶν
993 3062 1027 3123 δὲ
1046 3062 1191 3142 συννέφει
1207 3063 1262 3139 (ita
1278 3064 1315 3123 A.
1339 3070 1499 3143 ουννεφεῖ

262 3150 356 3232 vulg.)
380 3152 481 3223 πάλιν,
507 3151 560 3213 ubi
585 3153 823 3214 intransitivum
847 3158 893 3213 est
916 3152 1068 3231 συννέφει.
1093 3158 1125 3215 et
1142 3152 1180 3213 ad
1199 3151 1295 3213 Arist.
1312 3152 1370 3212 Αι.
1393 3152 1493 3212 1602.

260 3241 462 3321 ἀπαιθριάζει
493 3240 547 3309 τὰς
579 3242 712 3322 νεφέλας
744 3244 763 3322 ί]
797 3242 957 3322 ξυννέφει;
994 3239 1042 3302 Fr.
1067 3243 1108 3301 46
1137 3239 1186 3302 Bl.
1219 3239 1293 3302 Eur.
1322 3237 1404 3302 Med.
1436 3243 1493 3303 44.

261 3329 412 3410 συννεφὲς
435 3331 534 3411 ὄμμα.

354 3420 445 3480 1093.
471 3421 499 3481 εἰ
520 3419 549 3480 δ’
573 3420 736 3500 ἀμείψεται
761 3419 814 3501 -]
840 3420 884 3482 01.
908 3418 991 3482 Med.
1012 3421 1104 3481 1267.
1128 3419 1181 3480 καὶ
1205 3418 1362 3499 δυσμενὴς
1385 3419 1496 3499 φόνος

262 3508 426 3590 ἀμείβεται.
453 3508 503 3570 01.
530 3509 601 3570 979.
626 3510 714 3588 ἕτερα
740 3509 768 3570 δ’
792 3510 907 3588 ἑτέροις
931 3509 1088 3588 ἀμείβεται
1111 3508 1248 3587 πήματα.

354 3599 446 3659 1094.
471 3597 573 3678 φόνον
590 3597 741 3680 δικάζων]
767 3597 810 3660 01.
828 3598 920 3661 Hero.
940 3598 1032 3658 1150.
1056 3597 1174 3664 τέκνοις
1191 3595 1337 3676 δικαστὴς
1353 3597 1496 3676 σήματος

262 3689 441 3768 γενήσομαι.
476 3685 582 3768 Suppi.
610 3688 702 3748 1215.
735 3687 882 3767 πατέριον
916 3686 1083 3748 θανόντων
1120 3686 1337 3757 ἐκδικάζοντες
1374 3685 1495 3766 φόνον.

262 3775 303 3838 So
327 3776 355 3836 h.
380 3776 414 3838 O.
432 3775 467 3838 R.
495 3777 587 3837 1214.

304 3795 325 3857 p
354 3865 446 3926 1097.
471 3867 490 3945 ή
515 3864 682 3948 εὐγένειαν]
707 3864 825 3928 Eadem
850 3865 948 3926 erasis
972 3871 1020 3926 est
1044 3862 1121 3925 Ach.
1147 3863 1222 3925 612.
1245 3866 1264 3945 ἢ
1288 3862 1497 3948 Εὐφορίδης.

307 3953 443 4035 εἰσιδὼν]
472 3954 662 4017 Mendosuni
692 3955 824 4016 videtur.
866 3953 1065 4034 Requiritur,
1093 3953 1126 4014 ni
1155 3952 1256 4031 fallor,
1283 3953 1498 4035 participium

262 4043 383 4124 aliquid
407 4044 579 4123 ’θαυμάσας
602 4043 792 4125 significans,

354 4133 447 4193 1099.
471 4131 561 4214 λέχη]
591 4133 653 4212 ἔχει
680 4132 765 4195 Stoh.
809 4133 891 4195 Fort.
920 4133 1001 4212 ἔχειν
1029 4137 1084 4193 aut
1110 4136 1230 4193 κακῶν.
1321 4130 1500 4212 σώφροσιν

263 4220 385 4302 δόμοις]
411 4219 469 4295 Qu.
494 4223 657 4301 σώφροσιν
679 4224 813 4303 βροτοῖς.

354 4311 446 4372 1100.
471 4311 547 4391 τύχη
574 4317 733 4390 γυναικῶν
756 4313 788 4380 ἒς
812 4312 935 4392 γάμους
958 4330 1031 4371 mss:
1055 4310 1131 4391 τύχη
1156 4310 1265 4391 κυβεία
1281 4309 1314 4370 θ’
1338 4309 1370 4369 οἱ
1392 4311 1500 4392 γάμοι

262 4399 294 4463 F.
312 4398 360 4459 W.
385 4397 536 4463 Schmidt„
581 4398 638 4474 Qu.
666 4401 744 4482 τύχη
773 4400 807 4462 τὸ
831 4405 894 4461 πᾶν
922 4399 982 4462 ἐστ’
1015 4399 1048 4468 ές
1076 4399 1206 4480 γάμους.
1246 4396 1304 4459 Vel
1328 4397 1408 4480 τύχη
1438 4424 1499 4481 γυ.

262 4489 360 4562 ναιξὶν
392 4489 454 4570 (vel
477 4493 648 4570 γυναικών)
681 4491 711 4552 οί
734 4490 838 4570 γάμοι.
879 4487 937 4552 Vel
969 4488 1046 4570 τύχη
1082 4493 1240 4569 γυναικῶν
1270 4487 1326 4556 τάς
1354 4489 1499 4570 γάμους.
