3210 5174
238 305 301 367 182
828 324 878 367 ica

325 483 398 544 566.
422 484 497 564 ἡμῖν
521 482 607 565 vulg.
630 483 705 563 ὑμῖν
729 481 845 564 Scagcr
869 483 902 544 in
920 481 1015 546 Class.
1031 481 1143 544 Journ.
1160 479 1235 543 XX.
1253 483 1326 544 281.
1343 480 1464 545 Weckl.

235 570 341 635 Horw.
366 574 398 634 in
423 584 528 634 annot.

326 662 398 722 569.
424 663 466 730 εἷς
488 661 548 743 μὲν
572 659 631 743 -]
655 658 766 722 Malim
790 661 836 729 ῶς
859 660 918 742 μὲν
942 699 997 721 -.

326 751 398 812 570.
423 751 497 831 ἐμοί
522 774 553 811 τε
582 748 633 832 σέ]
666 748 714 811 Do
748 749 955 814 collocatione
988 750 1161 832 particulae
1185 775 1217 812 τε
1240 770 1267 810 v.
1291 748 1400 812 Elmsl.
1425 751 1464 812 ad

235 840 301 922 Iph.
325 838 356 901 T.
384 840 455 901 199.
480 844 511 902 et
534 839 571 902 cf.
596 837 714 902 Phoen.
741 839 804 900 333
821 858 866 920 sq.
890 838 957 901 Ion.
984 840 1055 901 570.
1080 838 1155 902 Har.
1181 840 1254 902 397.

325 948 445 1027 amsq.
470 944 559 1010 Haec
587 947 633 1008 sic
662 945 832 1009 emendare
861 945 931 1008 vult
955 945 1112 1008 Badham:
1147 947 1165 1008 ὁ
1195 945 1224 1008 δ’
1247 945 1327 1028 ᾖξας
1352 947 1464 1027 ὀρθῶς

234 1042 334 1107 τοῦτο,
368 1036 456 1117 (κῦμ’
489 1037 551 1117 ἔχει
585 1035 741 1114 πόνδος),]
768 1035 859 1104 ὅπως
891 1036 929 1097 σύ
957 1035 992 1108 τ’,
1026 1033 1055 1097 ῶ
1082 1042 1152 1116 παῖ,
1183 1034 1293 1117 μητέρ’
1322 1037 1464 1117 εὑρήσεις

235 1126 337 1197 σέύεν,
363 1122 366 1209 ]
398 1126 462 1206 ἐγώ
495 1123 529 1187 θ’
557 1125 670 1193 ὁποίας
706 1148 763 1205 μοι
801 1124 950 1204 γυναικὸς
987 1125 1114 1206 ἐξέφυς,
1140 1126 1144 1194 Ι
1174 1125 1283 1206 χρόνῳ
1317 1125 1463 1197 διδόντες,

234 1214 318 1276 ταῦτ’
343 1217 418 1283 ἴσως
442 1215 588 1295 εὕροιμεν
612 1214 658 1275 ἄν.
700 1211 757 1288 Qu.
787 1213 821 1275 οί
841 1213 868 1275 δ’
892 1212 985 1295 ᾖξας,
1015 1214 1064 1276 vol
1089 1216 1107 1276 ὃ
1133 1212 1161 1276 δ’
1185 1212 1281 1283 εἶπας.
1372 1220 1464 1276 τοῦτο

234 1302 311 1384 κῦμ’
335 1305 398 1385 ἔχει
421 1302 542 1386 πόθος]
574 1303 598 1365 Ι.
623 1321 648 1365 e.
677 1308 769 1365 τοῦτο
797 1302 889 1384 κάγὼ
917 1304 1024 1365 ποθῶ.
1064 1302 1107 1365 Of.
1131 1301 1246 1366 Bacch.
1274 1304 1367 1365 1287.
1390 1304 1463 1384 λέγ’,

234 1393 281 1462 ὡς
304 1391 339 1456 τὸ
362 1392 478 1475 μέλλον
501 1392 617 1473 καρδία
640 1392 763 1474 πήδημ’
788 1393 858 1474 ἔχει.

329 1500 402 1561 575.
426 1499 535 1581 χρόνῳ
560 1535 601 1544 -
627 1498 734 1568 δόντες
760 1498 873 1582 ταῦτα]
907 1499 951 1562 Cf.
974 1499 1023 1562 Fr.
1052 1500 1148 1580 1072,
1177 1500 1204 1560 l.
1235 1506 1273 1581 τῇ
1301 1499 1389 1580 νόσῳ
1418 1500 1462 1561 δι-

235 1588 311 1659 δούς
334 1589 460 1670 χρόνον.

324 1696 397 1758 578.
421 1694 552 1778 πατρὸς]
569 1695 694 1765 πόλεως
706 1693 741 1756 G.
753 1695 905 1758 Schmidt.
925 1697 1047 1776 πάτρας
1063 1695 1095 1757 F.
1106 1696 1155 1759 W.
1173 1693 1324 1758 Schmidt.
1341 1694 1462 1777 χύονδς

233 1785 440 1849 Herwordcn.

324 1875 397 1937 585.
422 1875 460 1936 οὐ
484 1871 568 1936 ταῦτ’
592 1873 730 1958 ὄνειδος]
755 1875 794 1936 οὐ
817 1872 930 1936 ταοτδν
953 1873 1037 1943 εἶδος
1061 1874 1167 1938 Cobet.

325 1965 396 2026 588.
420 1963 508 2047 πέρι]
532 1963 630 2045 πάτερ
655 1965 736 2043 (πέρ)
762 1965 841 2045 conj.
865 1961 960 2026 Dobr.
985 1963 1136 2026 Badham.
1160 1964 1279 2045 recepit
1301 1963 1396 2026 Dind.

324 2055 396 2115 594.
421 2053 483 2125 κάξ
515 2050 670 2134 οὐδένων]
703 2053 766 2115 κάκ
807 2053 958 2134 μηδένων
991 2052 1122 2135 Burges.
1156 2053 1194 2114 ad
1228 2052 1362 2116 Eumen.
1388 2055 1462 2114 424.

234 2143 302 2206 Imo
336 2142 489 2223 ἀσθενής,
522 2142 615 2223 νόμῳ
636 2142 640 2219 Ι
660 2141 695 2204 τὸ
718 2141 820 2224 μηδὲν
844 2144 892 2204 ῶν
915 2142 992 2204 κάπ’
1016 2143 1159 2205 οὐδένων
1183 2143 1377 2223 κεκλήσομαι
1401 2166 1462 2223 μη-

235 2232 288 2294 δὲν
303 2231 469 2294 κούδένων
485 2233 526 2310 (l)
547 2231 743 2313 κεκλήσομαι
760 2229 909 2293 Badham.
928 2230 991 2311 ε’·γῶ
1007 2230 1042 2293 τὸ
1058 2231 1160 2314 μηδὲν
1176 2231 1301 2314 supplet
1313 2230 1462 2293 Schmidt.

235 2319 335 2395 an
367 2320 469 2403 μηδὲν
502 2322 550 2382 ὢν
577 2320 641 2382 κάκ
673 2320 824 2402 μιγδένων
856 2321 1060 2402 κεκλήσομαι.
1106 2319 1164 2382 Vel
1198 2319 1265 2382 ὅτ’
1289 2320 1384 2383 οὐδέν
1416 2323 1464 2382 ὢν

234 2410 297 2482 κάξ
329 2410 472 2472 οὐδένων
497 2447 551 2469 -.
590 2407 650 2473 Vel
684 2409 730 2471 ἀεὶ
762 2409 798 2471 τὸ
829 2409 932 2490 μηδὲν
961 2415 1017 2472 otc.
1063 2407 1105 2472 Of.
1130 2408 1196 2492 lph.
1221 2410 1259 2471 A.
1285 2410 1358 2471 968.
1390 2409 1464 2478 τούς

235 2499 375 2568 οὐδένας.
399 2498 499 2561 Andr.
518 2499 590 2560 701.
614 2499 700 2567 ὄντες
717 2498 851 2568 οὐδένες.
891 2498 1001 2561 Malim
1020 2499 1084 2561 κάκ
1099 2499 1257 2581 μηδένων.
1327 2499 1346 2561 ὁ
1360 2499 1463 2581 μηδὲν

236 2625 277 2634 -
300 2586 511 2670 κεκλήσομαι]
536 2587 581 2650 Of.
606 2586 724 2650 Herod.
750 2586 838 2650 VIII.
858 2589 928 2650 106.
953 2587 1061 2650 Elmsl.
1086 2587 1125 2650 ad
1150 2587 1225 2652 Her.
1245 2589 1316 2650 168.
1385 2588 1462 2650 κού-

235 2677 337 2740 δένων
360 2675 572 2759 κεκλήσομαι]
602 2675 645 2738 Of.
671 2676 744 2739 309.
772 2682 828 2739 τοῦ
855 2677 936 2740 ὐεοῦ
965 2677 1132 2759 καλοῦμαι.
1163 2678 1236 2740 311.
1261 2678 1380 2750 Λοξίου
1409 2702 1462 2739 κε-

234 2766 390 2848 κλήμεύα.

247 2885 249 2893 “
323 2874 395 2936 595.
419 2872 454 2935 τὸ
470 2878 651 2955 πρῶτον-
663 2871 771 2956 ζυγὸν]
797 2872 840 2936 Cf.
852 2872 891 2934 ad
903 2872 1020 2936 Phocn.
1034 2874 1083 2934 72.
1108 2874 1158 2936 ἐπὶ
1182 2875 1288 2954 ζυγοῖς
1304 2875 1437 2956 (copam)
1456 2871 1460 2960 ]

232 2962 377 3035 καθέζετ’
401 2962 510 3044 ἀρχῆς.
539 2964 598 3044 Ag.
625 2963 719 3024 1618.
747 2963 951 3042 κρατούντων
978 2967 1042 3025 τῶν
1070 2963 1120 3025 ἐπὶ
1143 2964 1232 3044 ζιιγῴ
1256 2963 1361 3044 δορός.
1402 2961 1461 3038 Qu.

234 3053 337 3121 ἀστοῖς
351 3051 386 3114 τὸ
402 3052 504 3133 μηδὲν
519 3052 657 3132 κᾶγονος
672 3051 734 3132 (vel
751 3052 925 3132 κάπάτωρΙ.
964 3050 1026 3114 Vel
1042 3052 1145 3121 ἀστοῖς
1162 3053 1180 3114 ὁ
1195 3052 1334 3134 μηδενὸς
1351 3055 1462 3133 γεγώς.

324 3159 397 3220 598.
421 3159 490 3221 ὅσοι
515 3158 548 3220 δὲ
572 3157 712 3240 χρηστοί]
737 3159 806 3221 ὅσοι
831 3158 859 3221 δ’
884 3159 1002 3239 ἄριστοι
1018 3157 1050 3220 F.
1061 3157 1111 3220 W.
1122 3157 1273 3222 Schmidt.
1366 3159 1462 3222 δυνά-

233 3249 325 3330 μενοί
345 3246 370 3310 τ’
394 3247 471 3310 εἶναι
494 3247 601 3331 σοφοί]
626 3246 698 3329 ch.
722 3247 889 3328 λεγόμενοί
908 3246 934 3308 τ’
959 3284 1014 3307 -.

324 3338 397 3399 599.
422 3336 547 3419 σιγῶσι]
572 3337 704 3417 ἀργοῦσι
728 3335 760 3398 F.
784 3336 834 3399 W.
858 3335 1010 3399 Schmidt.

324 3426 397 3489 600.
422 3424 530 3506 γέλωτ’
558 3426 591 3488 έν
622 3426 727 3495 αὐτοῖς
756 3427 883 3507 μωρίαν
911 3449 942 3488 τε
969 3425 1131 3508 λήψομαι]
1157 3425 1203 3488 Of.
1228 3427 1310 3490 Mcd.
1336 3428 1408 3489 217.
1433 3430 1465 3489 οῖ

236 3515 264 3577 δ’
289 3513 345 3597 ἀφ’
370 3516 491 3596 ήσίιχου
515 3514 618 3584 ποδὸς
638 3515 642 3595 Ι
664 3515 830 3578 δύσκλειαν
859 3517 1028 3597 ἐκτήσαντο
1052 3515 1105 3576 καί
1129 3516 1300 3597 ῥᾳθυμίαν.
1390 3540 1462 3598 μω-

235 3606 305 3686 ρίαν
327 3628 360 3667 τε
382 3604 539 3688 λήψομαι]
565 3603 646 3668 Fora
670 3606 797 3686 μωρίαν
819 3605 845 3665 τ’
869 3605 1108 3686 ὐφλήσομαιΙΡΙ.

325 3694 397 3756 691.
422 3694 529 3775 φόβον
552 3692 634 3755 libri.
659 3694 765 3775 ψόγου
789 3693 940 3756 Badham.

325 3783 398 3844 602.
421 3789 485 3844 τῶν
509 3783 537 3845 δ’
561 3780 602 3844 αὐ
626 3783 742 3863 λογίων
764 3782 812 3866 τε]
836 3788 900 3845 τῶν
924 3783 1062 3863 εὐγενῶν
1084 3807 1116 3845 τε
1132 3782 1260 3846 Faehsc.
1284 3789 1348 3847 τῶν
1368 3783 1397 3846 δ’
1421 3783 1463 3847 αὐ

235 3877 348 3952 σοφῶν
366 3896 398 3933 τε
414 3874 494 3953 conj.
511 3870 662 3934 Badham.
686 3877 750 3933 τῶν
767 3871 795 3934 δ’
812 3869 852 3934 οὐ
868 3871 1025 3952 λεγόντων
1041 3871 1164 3935 Munro.
1189 3878 1253 3934 τῶν
1270 3873 1304 3935 δὲ
1320 3874 1463 3955 λογίμων

234 3984 266 4022 τε
293 3962 472 4042 χρωμένων
500 3962 546 4040 (λ)
576 3984 608 4022 τε
635 3967 672 4043 τῇ
700 3961 789 4023 πόλει
813 3959 949 4043 Madvig.
981 3966 1046 4022 τῶν
1079 3961 1107 4022 δ’
1140 3959 1181 4023 αῦ
1215 3962 1399 4025 δοκούντων
1430 3988 1464 4026 τε

235 4051 316 4131 conj.
341 4048 461 4112 chhl.
502 4047 559 4123 Qu.
587 4055 652 4111 τῶν
686 4050 720 4112 δὲ
748 4050 889 4131 λογίμων
919 4049 959 4128 (δ’
984 4050 1017 4112 ἒν
1040 4050 1138 4131 λόγῳ]
1165 4074 1197 4113 τε
1225 4052 1413 4133 δυναμένων
1436 4053 1463 4114 τ’

235 4140 269 4200 ἐν
291 4145 328 4221 τῇ
351 4139 447 4201 πόλει.

326 4228 398 4290 604.
422 4227 588 4311 ψήφοισιν]
613 4226 671 4302 QU.
694 4229 849 4309 ψόγοισιν.

326 4319 397 4379 605.
423 4320 456 4379 οἳ
474 4317 529 4386 τὰς
551 4317 657 4387 πόλεις
680 4319 814 4399 ἔχουσιν,
839 4318 1019 4398 ἀξιώματος
1040 4318 1044 4399 Ι
1064 4326 1185 4388 τοῖς-
1204 4321 1283 4400 conj.
1308 4319 1462 4383 Badham.

237 4405 294 4481 Qu.
319 4408 349 4469 οί
373 4405 399 4469 ’ν
423 4407 502 4487 (οῦν)
526 4412 591 4478 ταῖς
613 4408 739 4471 πόλεσιν
763 4409 886 4492 ἔχοντες
909 4407 1073 4492 ἀξιώματα
1098 4408 1159 4490 (vol
1183 4409 1309 4493 ἀξίωμά
1332 4411 1377 4490 τι).
