3210 5174
193 346 235 410 34
756 365 857 410 mmm

191 528 311 608 νητέων
339 527 424 606 (ἐὼν)
452 527 488 588 τὰ
517 531 637 607 πρῶτα.
677 525 728 587 VI.
756 526 826 588 100.
856 525 1005 607 Αἰσχίνης
1033 524 1051 587 ὁ
1074 523 1237 593 Νόθωνος
1266 523 1329 587 ἐὼν
1352 526 1419 586 τῶν

187 615 371 697 Ἐρετριέων
386 617 422 678 ιὰ
439 622 559 696 πρῶτα.
583 615 708 678 Hclicd.
726 614 765 676 X.
786 616 834 676 12.
860 616 969 695 γένους
992 621 1047 676 τοῦ
1063 613 1220 694 βασιλείου
1243 613 1280 675 τὰ
1303 618 1418 693 πρῶτα

190 707 244 767 καὶ
267 706 416 786 ἐγγύτατα
441 707 535 783 (ἐστι’).
574 704 697 767 Lucrct.
721 704 744 765 1.
770 705 820 766 87.
850 704 966 786 ‘prima
990 704 1130 766 virorum
1140 702 1154 765 '.
1180 701 1271 765 Ovid.
1296 705 1366 765 Am.
1393 702 1418 764 I.

194 796 219 855 1.
247 795 295 856 19.
320 797 457 857 ‘summa
481 795 598 857 ducum
625 793 774 856 Atrides'.

281 885 352 946 920.
377 886 458 966 ἥβης
481 884 567 952 τέλος
589 881 756 965 μολόντας]
774 883 817 946 Cf.
836 883 902 945 Alc.
920 883 993 944 413.
1014 882 1090 944 οὐδὲ
1106 882 1214 964 γήρως
1230 882 1305 963 ἔβας
1320 880 1417 949 τέλος.

281 974 352 1034 922.
377 972 467 1055 αὕτη]
493 973 537 1036 Cf.
555 973 622 1033 Alc.
641 973 711 1034 776.
737 969 842 1043 οὗτος,
866 973 894 1033 τί
915 970 1031 1052 σεμνὸν
1048 1008 1088 1016 -
1105 971 1245 1051 βλέπεις,·
1330 970 1416 1051 χλω-

191 1068 258 1142 ροῖς
275 1060 328 1145 -]
354 1061 397 1125 Cf.
415 1062 487 1123 906.
513 1061 582 1124 Hel.
604 1062 695 1123 1205.
720 1061 856 1141 χλωροῖς
879 1085 910 1122 τε
933 1062 1047 1141 τέγγεις
1071 1060 1204 1140 δάκρυσι
1228 1059 1287 1141 σήν
1309 1082 1416 1140 παρη-

190 1150 250 1212 ΐδα.
275 1150 367 1233 Soph.
391 1151 439 1213 Tr.
464 1153 536 1214 847.
561 1150 689 1232 χλωρὰν
712 1152 809 1230 τέγγει
834 1151 986 1229 δακρύων
1008 1151 1115 1231 ἄχναν.

282 1242 353 1301 923.
379 1239 423 1301 Cf.
451 1242 543 1302 1148.
568 1240 682 1320 λευκήν
705 1238 730 1299 ι’
754 1240 923 1320 ἀπέστρεηλ
948 1239 1081 1320 ἔμπαλιν
1104 1237 1253 1320 παρηΐδα.

280 1329 343 1390 925
365 1350 409 1411 sq.
440 1328 608 1411 Suspectos
640 1327 736 1391 habet
766 1328 797 1389 T.
826 1327 1036 1391 Halbcrtsma.
1085 1327 1171 1390 Idem
1205 1347 1232 1388 v.
1260 1328 1332 1389 925.
1362 1326 1418 1388 dc-

190 1418 319 1480 lendum
343 1438 411 1481 csse
435 1425 551 1481 censet.

280 1508 352 1569 925.
377 1507 482 1589 οὗδένΙ
507 1506 550 1570 Cf.
575 1506 641 1569 Ion.
666 1507 739 1568 404.
763 1508 860 1569 Arist.
885 1509 942 1568 Av.
971 1505 1062 1568 1360.

280 1598 352 1659 926.
377 1595 412 1658 εὗ
429 1597 489 1677 γὰρ
504 1597 648 1678 θήσομαι
671 1596 718 1679 --]
736 1595 770 1659 εὖ
795 1595 855 1677 γὰρ
871 1595 971 1657 τῶνδε
986 1597 1129 1676 θήσομαι
1145 1596 1216 1675 πέρι
1233 1593 1286 1656 Br.
1303 1593 1417 1657 Elmsl.

190 1684 234 1747 Cf.
259 1684 324 1767 lph.
349 1688 386 1747 A.
412 1686 484 1747 663.
512 1686 648 1767 θέμενος
677 1683 711 1747 εὗ
739 1686 831 1747 τάκεῖ.
860 1683 954 1747 Herc.
980 1685 1051 1745 938.
1077 1684 1148 1756 ἐξὸν
1173 1720 1213 1728 -
1238 1681 1273 1746 εὖ
1297 1684 1417 1746 θέσθιιι

188 1774 270 1836 τάδε.
295 1773 361 1856 lph.
378 1775 409 1836 Τ.
429 1775 521 1836 1003.
547 1775 651 1837 Bacch
684 1776 734 1836 49.
760 1773 851 1856 Scph.
879 1772 924 1834 111.
951 1775 1044 1835 1434.
1092 1772 1149 1847 Qu.
1174 1771 1209 1835 εὖ
1234 1772 1294 1854 γὰρ
1318 1773 1416 1835 τῶνδ’

189 1863 253 1943 έγῶ
277 1864 371 1944 θήσω
394 1864 518 1944 πότμον
541 1868 607 1946 (pro
631 1865 720 1943 πέρι).

280 1954 351 2015 927.
375 1952 473 2035 οὔτοι]
498 1954 563 2014 οὔτι
587 1952 622 2015 Β.
640 1952 672 2014 C.
697 1950 758 2033 Χρ.
782 1950 886 2033 Πάσχ.
912 1953 983 2014 767.
1021 1951 1125 2016 Recte.
1164 1949 1246 2014 Fort.
1269 1950 1356 2014 οὐδέ.

279 2044 351 2103 928.
381 2043 457 2124 γυνή
492 2042 526 2104 δὲ
558 2042 642 2123 θήλυ
677 2040 734 2123 -]
770 2040 812 2102 Cf.
836 2041 929 2103 Hcrc.
955 2042 1027 2101 536.
1060 2040 1095 2103 τὸ
1129 2040 1213 2122 θήλιι
1246 2042 1307 2121 γάρ
1343 2065 1417 2110 πως

187 2131 308 2211 μᾶλλον
336 2131 462 2212 οἰκτρὸν
489 2131 641 2210 ἀρσένων.
675 2129 722 2191 Fr.
748 2131 821 2192 322.
845 2131 927 2210 ἔρως
956 2130 1015 2210 γὰρ
1039 2129 1138 2210 ἀργὸν
1161 2129 1240 2191 κάπὶ
1261 2131 1417 2196 τοιούτοις

188 2221 258 2300 ἔφυ.
292 2219 384 2301 Soph.
409 2222 457 2302 Aj.
484 2221 555 2282 580.
580 2220 679 2300 κάρτα
707 2243 753 2281 τοι
781 2218 987 2300 φιλοίκτιστον
1011 2221 1096 2300 γυνή.
1188 2219 1238 2281 ἐπὶ
1261 2219 1418 2300 δακρύοις

188 2308 261 2391 ἔφυ]
287 2308 330 2371 61.
354 2309 432 2372 Ηθο.
459 2309 552 2371 1186.
577 2311 619 2378 εἰς
643 2309 783 2389 ἀριθμὸν
806 2313 869 2370 τῶν
893 2313 1005 2370 κακῶν
1028 2309 1225 2388 πεφύκαμεν.

280 2399 351 2459 931.
376 2396 525 2462 Doleat-ur
557 2397 683 2479 virgula
710 2403 781 2480 post
808 2396 918 2466 οἶκτος.
1010 2397 1136 2479 εἰσῆλθέ
1161 2397 1196 2478 μ’
1225 2396 1330 2466 οἶκτος
1361 2397 1416 2480 -Ι

189 2486 232 2550 Cf.
260 2488 330 2549 184.
361 2487 470 2567 δράσω
493 2487 571 2558 τάδ’,
595 2486 674 2567 ἀτὰρ
698 2487 801 2568 φόβος
829 2488 857 2548 εἰ
877 2488 977 2548 πείσω
997 2489 1001 2559 λ
1024 2487 1192 2548 δέσποιναν
1215 2487 1304 2568 ἐμήν.
1329 2484 1415 2550 ch.

187 2578 248 2637 An.
265 2575 288 2637 I.
306 2581 334 2638 4.
354 2581 380 2639 7.
406 2578 436 2638 οἱ
459 2577 487 2637 δ’
511 2578 665 2657 ᾤκτειρον
688 2577 716 2638 εἰ
737 2575 917 2638 ἁλώσοιντο.
942 2574 1101 2657 Sop11.Aj.
1119 2576 1191 2637 510.
1215 2577 1348 2655 οἴκτειρε
1373 2613 1415 2621 -

187 2666 284 2727 παῖδα
313 2665 366 2727 τδν
395 2665 451 2728 σὸν
479 2667 508 2727 εἰ
536 2703 574 2710 -
604 2671 662 2728 σοῦ
692 2665 833 2727 διοίσεται
862 2665 970 2744 μόνος.
1004 2662 1070 2746 lph.
1095 2667 1132 2727 A.
1157 2666 1230 2726 487.
1260 2664 1348 2734 ἔλεος
1375 2702 1415 2710 -

187 2754 313 2835 εἰσῆλθε
336 2762 406 2835 (με).
431 2752 481 2816 Or.
505 2754 597 2816 1678.
620 2756 719 2816 καίτοι
742 2754 777 2834 μ’
801 2754 883 2835 έσήει
908 2754 1007 2833 δεῖμα.

278 2844 349 2904 932.
374 2845 416 2911 εἰς
444 2843 541 2924 ἐμοὺς
569 2845 655 2925 ἥκεις
682 2843 807 2926 λόγους]
837 2843 881 2904 Of.
907 2842 952 2905 El.
982 2842 1073 2904 1054.
1103 2841 1172 2904 οὐδ’
1201 2843 1244 2912 εἰς
1271 2843 1417 2924 ἀριθμὸν

187 2937 250 2994 τῶν
274 2933 362 3014 ἐμῶν
387 2934 471 3013 ἥκεις
494 2932 599 3013 λόγων
623 2933 776 3014 (φίλωνθ).

277 3022 349 3083 933.
373 3027 437 3084 τῶν
461 3023 488 3083 δ’
513 3022 576 3101 ἐγὼ
604 3020 843 3103 μνησθήσομαι]
872 3026 935 3082 τῶν
964 3021 998 3083 δὲ
1028 3028 1082 3083 νῦν
1111 3028 1178 3101 (aut
1206 3021 1234 3084 δ’
1263 3022 1331 3104 ἔτι),
1361 3029 1418 3085 aut

186 3116 249 3172 τῶν
274 3111 303 3172 δ’
327 3112 604 3192 ἐπιμνησθήσομαι
629 3110 733 3172 Hcrw.
773 3110 911 3188 Vulgata
934 3111 1009 3173 fcrri
1034 3111 1151 3192 nequit.

277 3202 348 3261 938.
373 3199 562 3282 ἀπαέρσμεν]
587 3199 629 3262 Cf.
654 3199 721 3261 Tro.
740 3201 813 3261 944.
837 3199 989 3280 Σπάρτης
1012 3200 1147 3282 ἀπήρας.
1171 3198 1257 3280 Cycl.
1277 3201 1352 3263 131.
1369 3201 1417 3270 ὡς

186 3289 372 3370 ἀπαίρωμεν
395 3289 523 3370 χθονός.

277 3379 348 3440 039.
372 3379 482 3447 παῖδες
507 3376 547 3460 δ’]
572 3376 680 3439 Malim
704 3378 819 3446 παῖδας
844 3378 880 3439 δ’.

277 3468 347 3529 941.
373 3469 432 3529 οὐκ
456 3466 516 3529 οἷδ’
540 3469 579 3528 ἂν
603 3469 631 3529 εἰ
651 3466 801 3549 πείσαιμι]
827 3464 884 3540 Qu.
902 3468 961 3529 οὐκ
979 3466 1049 3529 οἶδά
1066 3468 1095 3529 α’
1112 3469 1140 3530 εἰ
1151 3468 1251 3530 πείσω
1275 3491 1309 3529 τι.
1352 3467 1417 3532 Sctl

186 3558 224 3618 cf.
248 3556 316 3617 Alc.
342 3559 392 3618 49.
421 3557 529 3637 λαβὼν
558 3557 614 3617 ἴθ’·
644 3556 682 3618 οὐ
711 3556 771 3636 γὰρ
801 3554 860 3618 οἷδ’
888 3558 927 3617 ἂν
951 3558 979 3617 εἰ
999 3558 1139 3638 πείσαιμί
1161 3580 1202 3618 σε.
1231 3555 1311 3619 Plat.
1335 3558 1416 3621 Tim.

187 3664 214 3725 p.
232 3645 272 3705 26
290 3645 325 3706 Β.
349 3645 413 3724 ἐγὼ
436 3648 456 3705 ἃ
480 3646 539 3725 μὲν
562 3646 640 3726 χθὲς
663 3647 787 3726 ήκοιισα
811 3646 871 3707 οὐκ
895 3647 934 3706 ἂν
958 3644 1028 3708 οἶδα
1059 3648 1087 3708 εἰ
1109 3646 1264 3727 δυναίμην
1286 3647 1416 3709 ἅπαντα

186 3734 219 3794 ἒν
242 3735 352 3814 μνήμη
376 3734 468 3794 πάλιν
492 3734 604 3815 λαβεῖν.
634 3733 723 3797 Dcln.
748 3755 775 3816 p.
796 3734 888 3795 1103.
913 3735 977 3814 ἐγὼ
1002 3735 1062 3815 γὰρ
1085 3735 1179 3804 αὐτὸς
1203 3735 1263 3796 οὐκ
1287 3736 1329 3797 ἂν
1353 3735 1416 3798 οἶδ’

186 3823 206 3884 ὅ
227 3847 253 3883 τι
277 3823 352 3884 ἄλλο
376 3822 460 3903 εἶχον
483 3825 694 3904 ψηφίσασθαι.
720 3822 795 3885 Isac.
811 3821 869 3884 XI.
886 3823 935 3884 62,
953 3824 992 3885 οὐ
1016 3823 1076 3903 γὰρ
1100 3825 1139 3885 δν
1163 3820 1222 3886 οἶδ’
1246 3823 1292 3886 ὅτι
1316 3825 1417 3888 πλέον

186 3912 272 3991 εὕροι
300 3913 419 3973 ιοέιον.
455 3912 531 3974 Plat.
556 3910 661 3993 Symp.
687 3913 750 3973 ‘210
767 3915 803 3973 A.
830 3912 865 3973 τὰ
892 3912 925 3973 δὲ
948 3913 1034 3974 τέλεα
1061 3951 1100 3958 -
1126 3913 1186 3975 οὐκ
1210 3911 1270 3975 οἷδ’
1296 3915 1327 3976 εἰ
1347 3915 1416 3984 οἷός

184 4003 209 4061 τ’
233 4002 272 4061 ἂν
296 4002 360 4080 εἴης
385 4002 456 4071 (οὐκ
480 4003 519 4061 ἂν
543 4000 603 4062 οἷδ’
627 4002 655 4061 εἰ
676 4001 741 4069 οἷός
764 4000 789 4062 τ’
813 4002 897 4082 εἴηςῗ
922 4020 963 4063 sc.
986 4003 1155 4082 μυεῖσθαι).

276 4091 347 4150 942.
366 4090 515 4152 αἰτεῖσθαι
536 4090 666 4172 πατρὸς]
693 4090 840 4168 ΑιηεΙίσε,
865 4098 899 4152 to
924 4090 994 4170 bcg
1016 4092 1054 4153 of
1074 4111 1171 4171 your
1194 4091 1328 4155 father.
1369 4093 1414 4155 ef.

188 4179 280 4239 1154.
310 4179 363 4240 καὶ
385 4181 567 4259 παραιτήσει
594 4178 711 4258 πατρὸς
734 4179 737 4260 λ
758 4178 862 4259 φυγὰς
891 4180 1015 4259 ἀηιεῖναι
1042 4180 1128 4242 παισὶ
1152 4187 1209 4243 etc.
1256 4179 1341 4244 Fort
1365 4184 1413 4244 αι’-

184 4269 304 4328 τεῖσθαι
328 4267 356 4328 ’κ
380 4269 507 4347 πατρός.

277 4358 347 4418 945.
377 4359 463 4437 εἴπερ
492 4363 650 4437 γνναικῶν
679 4358 730 4438 (γ’)
758 4357 863 4419 Ηθων.
954 4363 1018 4418 τῶν
1046 4356 1162 4441 ἄλλων]
1190 4362 1255 4420 τῶν
1282 4360 1416 4423 πολλῶν

185 4444 307 4509 Nauck.
