3210 5174
614 1009 1062 1096 PRAEFATIO.

757 1188 916 1195 --—-—.

312 1346 448 1433 Plprin‘ri
481 1347 556 1408 anni
591 1351 667 1410 sunt
697 1365 738 1409 ex
772 1367 834 1428 quo
867 1347 923 1410 has
953 1346 1192 1412 observationes
1223 1346 1256 1409 in
1286 1344 1449 1427 Euripidis

205 1453 347 1520 fabulas
371 1451 510 1516 scribere
538 1459 570 1518 et
596 1453 743 1538 colligere
767 1455 864 1538 coepi.
911 1454 950 1518 In
974 1455 1027 1538 iis,
1060 1460 1095 1518 ut
1126 1455 1226 1532 soleo,
1258 1457 1382 1516 textum
1414 1453 1448 1513 in

207 1562 371 1649 plurimis
395 1562 471 1624 locis
495 1568 678 1645 corruptum
695 1563 864 1626 emendare
880 1562 988 1626 studui
1004 1563 1173 1626 collatione
1196 1561 1339 1625 locorum
1361 1559 1449 1621 simi-

210 1673 299 1736 lium
336 1669 439 1752 ipsius
471 1670 607 1732 auctoris
639 1670 734 1752 iacta,
772 1689 853 1751 quae
890 1670 1048 1733 tutissima
1084 1667 1277 1733 emendandi
1309 1667 1361 1729 via
1393 1671 1449 1748 est,

207 1780 345 1844 ratione
369 1775 514 1839 codicum
539 1778 849 1859 manuscriptorum
873 1777 1045 1840 lectionum
1070 1795 1193 1859 semper
1216 1774 1336 1857 habita,
1364 1774 1449 1837 unde

209 1892 331 1951 tamen
365 1902 477 1965 parurn
511 1883 623 1946 auxilii
656 1882 865 1946 derivandum
899 1888 958 1966 est,
994 1884 1109 1967 partim
1143 1883 1217 1965 quia
1248 1882 1343 1965 pauci
1375 1885 1451 1944 sunt

209 1992 349 2058 codices
375 1990 431 2072 qui
464 1997 645 2073 supersunt,
677 1992 789 2073 partim
819 1993 895 2073 quia
917 1991 1103 2074 corruptelis
1126 1991 1150 2053 ii
1173 1993 1302 2053 scatent
1348 1987 1450 2051 Valde

209 2106 327 2165 autern
355 2096 529 2161 dolendum
552 2104 600 2161 est
621 2097 747 2160 nullum
772 2099 833 2161 hoc
847 2099 977 2161 nomine
1000 2099 1131 2182 dignum
1157 2092 1265 2161 extare
1287 2095 1450 2179 Euripidis
1501 2158 1509 2170 ‚

208 2206 368 2273 Irexicon
397 2205 505 2287 qualia
528 2206 680 2287 Aeschyli
709 2211 740 2269 et
763 2205 926 2290 Sophoclis
949 2212 981 2269 et
1004 2206 1209 2289 Tragicorum
1234 2205 1450 2269 Comicorum-

168 2306 279 2400 ”que
305 2312 574 2396 Fragmentorum
607 2313 767 2376 hahemus.
814 2313 903 2376 Bona
934 2320 1096 2396 praeterea
1128 2311 1294 2394 Herodoti,
1326 2311 1450 2392 Thucy-

210 2422 317 2502 didis,
344 2419 494 2501 Hesiodi,
519 2420 688 2482 Poetarum
705 2418 905 2502 Lyricorum,
924 2421 1093 2484 Poetarum
1110 2420 1347 2502 Bucolicorum,
1375 2420 1451 2483 alio-

209 2548 358 2612 rumque
376 2527 567 2608 scriptorum
583 2526 753 2609 proborum
777 2525 894 2592 Lexica
918 2527 1143 2592 desideramus.
1188 2527 1253 2591 Vix
1278 2528 1361 2590 enim
1387 2526 1450 2590 dici

209 2641 322 2722 potest
349 2640 508 2716 quantum
536 2632 576 2696 ad
596 2633 729 2715 alicujus
750 2635 910 2718 scriptoris
934 2636 1056 2717 antiqui
1089 2635 1343 2699 emendationem
1376 2652 1450 2697 con-

209 2744 296 2809 ferat
341 2739 491 2804 Lexicon
532 2739 680 2805 dictionis
721 2742 789 2823 ejus
830 2749 975 2807 accurate
1013 2742 1201 2808 confectum.
1266 2741 1337 2805 Hoc
1382 2741 1450 2824 ipse

209 2855 373 2936 expertus
409 2847 493 2930 dice,
527 2868 626 2930 quum
658 2850 690 2911 in
725 2851 884 2914 sexcentis
917 2850 995 2915 locis
1023 2869 1113 2914 veras
1141 2851 1215 2915 inde
1242 2850 1321 2913 mihi
1345 2851 1451 2933 conje-

207 2964 322 3025 cturas
359 2955 479 3018 elicere
512 2961 543 3020 et
575 2961 698 3019 textum
731 2959 892 3040 scriptoris
924 2959 1089 3023 restituere
1113 2959 1290 3041 contigerit.
1339 2957 1451 3040 Itaque

207 3067 434 3132 vehementer
467 3064 639 3145 optandum
674 3070 721 3128 est
759 3065 897 3146 aliquem
935 3067 990 3150 qui
1022 3068 1086 3130 otio
1122 3067 1239 3129 fruitur
1275 3066 1335 3129 hoc
1372 3085 1451 3148 opus

205 3176 449 3255 suscepturum
475 3187 550 3233 esse.

300 3277 400 3341 Utile
435 3280 597 3356 practerea
628 3279 707 3342 duxi
740 3279 806 3342 fore
843 3280 868 3342 si
902 3280 988 3344 locos
1027 3279 1238 3361 obscuriores,
1276 3279 1451 3343 locutiones

202 3393 234 3455 et
257 3382 534 3452 constructiones
550 3385 766 3468 notabiliores,
790 3394 821 3450 et
837 3386 991 3451 vocabula
1007 3388 1125 3451 rariora
1141 3386 1295 3469 exemplis
1319 3385 1358 3449 ab
1382 3388 1450 3469 ipsc

199 3501 298 3582 poeta
326 3494 391 3554 aut
416 3487 548 3552 aliunde
571 3494 676 3573 petitis
698 3493 897 3556 illustrarem.

294 3598 413 3664 Doleo
440 3613 505 3657 uon
530 3604 603 3661 ante
627 3601 711 3663 hunc
734 3619 853 3664 annum
877 3603 1055 3665 innotuisse
1078 3602 1156 3664 mihi
1177 3600 1339 3684 Euripidis
1361 3600 1452 3664 iabu-

197 3710 306 3775 larum
328 3703 520 3769 editionem
542 3706 684 3770 criticam
708 3709 997 3772 commodissimam
1022 3715 1052 3773 et
1075 3709 1288 3791 utilissimam,
1310 3708 1452 3771 nondum

153 3872 157 3889 .
197 3824 310 3884 umen
331 3810 378 3876 ad
398 3807 501 3870 finem
519 3810 712 3897 perductam,
731 3834 825 3896 quarn
842 3815 937 3878 hodie
954 3822 1066 3879 curant
1084 3813 1119 3878 R.
1136 3814 1232 3878 Prina
1248 3814 1452 3880 etN.Wech-

193 3926 260 3992 lein
298 3916 412 4007 (apud
450 3913 607 3980 Teubner.
641 3920 783 4006 Lipsiae).
828 3923 867 3987 In
900 3921 1017 4006 quibus
1053 3923 1170 3987 fabulis
1203 3941 1239 3986 ea
1272 3943 1349 3988 usus
1381 3943 1452 3987 sum

191 4034 344 4102 fructum
373 4042 450 4090 non
477 4023 631 4104 exiguum
657 4030 812 4095 derivavi:
838 4052 901 4095 non
919 4031 1011 4095 modo
1033 4032 1119 4094 enlm
1139 4030 1285 4095 codicum
1301 4031 1452 4096 lectiones

191 4143 277 4209 inira
308 4126 457 4205 sextum
484 4138 634 4199 accurate
658 4139 864 4220 exhibentur,
896 4140 951 4203 sed
978 4137 1206 4221 probabiliores
1229 4140 1370 4202 virorum
1399 4140 1453 4202 do-

191 4254 318 4317 ctorum
349 4236 569 4317 conjecturae
597 4243 742 4327 undique
766 4247 915 4311 collectae
937 4247 1096 4330 appositae
1120 4251 1207 4326 sunt,
1230 4246 1275 4309 ita
1297 4251 1333 4309 ut
1354 4246 1454 4310 lector

188 4361 296 4428 statim
325 4352 411 4418 sine
440 4337 507 4401 ulla
530 4342 616 4406 mole
634 4367 673 4412 ao
693 4352 801 4418 labore
817 4360 922 4418 textus
938 4354 1151 4419 conditionem
1170 4353 1290 4417 discere
1307 4359 1407 4436 queat
