3210 5174
265 357 328 418 282
733 374 885 418 amccms
910 376 1024 418 mama
1131 360 1136 372 '

355 535 426 597 559.
450 533 561 617 τίνες,·]
587 532 694 596 Malim
718 558 811 607 τινες;

355 624 427 685 562.
445 623 553 685 Ἅιδου
578 661 618 667 -
643 623 813 704 περιβολὰς
845 622 964 706 κόμης]
1009 623 1053 685 Cf.
1078 623 1184 706 Suppl.
1215 624 1286 685 173.
1313 622 1425 685 Ἅιδου
1453 658 1497 666 -

263 711 397 793 μολπάς.

355 802 427 863 564.
452 801 653 885 δεδορκότες]
679 802 855 871 δεδωκότες
878 802 967 864 maht
991 802 1112 865 Wahcf.
1137 804 1171 863 in
1195 800 1277 863 Add.

354 892 426 952 568.
451 890 589 974 ἕλκημα]
623 891 740 972 ἔδεσμα
770 890 801 953 F.
827 891 875 952 W.
900 889 1050 954 Schmidt.
1091 889 1148 966 Qu.
1177 890 1327 971 ἕλκυσμα.
1374 889 1500 954 Contra

264 980 441 1060 analogiam
465 987 576 1061 peccat
598 981 747 1062 ἕλκησμα.
797 983 862 1042 Aut
884 981 1024 1060 θοίναμιι
1049 979 1127 1053 (Ion.
1155 981 1247 1041 1495.
1273 977 1324 1042 Or.
1349 981 1449 1048 8141.

354 1071 426 1131 571.
452 1069 630 1154 διαφορῶν]
656 1070 812 1150 διατορῶν
836 1069 880 1148 (P)
903 1068 1017 1132 Nabcr.
1057 1067 1146 1132 Latet
1170 1068 1256 1131 aliud
1282 1068 1365 1151 quid.
1406 1067 1433 1130 F
1435 1075 1496 1131 ort

264 1159 462 1240 καταβαλών.

355 1268 427 1328 573.
452 1263 533 1348 Lege
557 1266 674 1347 Δίρκης
698 1265 733 1328 δὲ
757 1272 824 1347 (pro
847 1268 897 1343 τε).

355 1357 427 1417 575.
452 1355 505 1417 καὶ
528 1355 613 1416 παισὶ
637 1354 690 1417 καὶ
712 1355 831 1417 τεκόντι
854 1357 926 1436 (pro
950 1362 996 1435 τῷ
1018 1354 1169 1432 τεκόντιί]
1192 1353 1413 1416 Wilamcwitz.
1440 1355 1498 1417 καὶ

263 1444 356 1524 πατρί
388 1444 442 1507 καὶ
473 1445 605 1506 τέκνοισι
638 1444 713 1506 olim
739 1444 770 1507 F.
796 1443 844 1504 W.
869 1442 1020 1506 Schmidt.
1065 1441 1122 1518 Qu.
1155 1443 1209 1505 καί
1240 1443 1327 1505 παιοί
1358 1443 1413 1505 καί
1448 1452 1499 1525 τῷ

264 1534 358 1613 πατρὶ
386 1534 452 1611 (vel
477 1536 624 1614 γονεῦσι).
716 1532 852 1615 γέροντι]
887 1533 1004 1595 τεκόντι
1028 1532 1247 1595 Wilamcwitz.
1272 1531 1357 1614 proh.
1383 1531 1416 1594 F.
1446 1533 1497 1595 W.

265 1621 413 1685 Schmidt.
453 1621 510 1698 Qu.
533 1628 670 1695 τοκεῦσι,
695 1622 745 1685 vel
768 1631 815 1703 τῷ
837 1622 943 1702 πατρὶ,
969 1622 1018 1684 vel
1041 1629 1088 1702 τῴ
1109 1645 1141 1684 τε
1164 1622 1264 1702 πατρί.

356 1713 427 1774 581.
451 1708 637 1796 ἐκπονήσω]
662 1712 832 1793 ἕκσοβήσαι
857 1712 936 1792 conj.
957 1710 1080 1773 Wahct.
1104 1711 1136 1772 in
1163 1709 1243 1772 Add.
1289 1708 1399 1791 Rcctc,
1426 1712 1499 1793 cpi-

264 1821 335 1881 nor,
360 1809 539 1884 suspectum
565 1802 742 1882 ἐκπονήσω.

355 1891 426 1951 582.
450 1892 607 1971 πάροιθεν
631 1910 702 1951 msa.
726 1889 864 1971 πάροιθε
888 1888 994 1951 11111131.
1020 1888 1080 1951 Ed.
1104 1888 1185 1952 Rcv.
1210 1886 1383 1951 XXXVII.
1409 1890 1464 1951 78.

355 1981 427 2041 584.
450 1981 506 2062 τήν
529 2003 561 2042 τε
584 1978 741 2042 κοινωνὸν
765 1977 890 2061 γάμων]
916 1978 959 2041 Cf.
986 1977 1121 2040 111660.
1145 1979 1265 2060 μητέρα
1288 2001 1320 2040 τε
1342 1976 1400 2059 τήν
1423 2002 1496 2041 κσι·

264 2068 369 2131 νωνδν
392 2069 530 2131 ἀνοσίων
554 2069 675 2149 γάμων.

355 2177 426 2238 585.
451 2181 514 2244 τοῖς
536 2174 653 2258 φίλοις]
678 2181 741 2244 τοῖς
764 2175 866 2256 φίλοις
889 2177 914 2235 τ’
937 2174 1026 2235 malit
1050 2172 1172 2256 Pflugk.

355 2264 426 2327 586.
452 2263 523 2345 ch.
546 2263 583 2325 τά
609 2264 637 2326 δ’
662 2263 763 2344 ἐχθρὰ
788 2267 854 2345 (pro
878 2265 914 2325 τά
938 2262 963 2324 τ’
988 2262 1115 2344 ἐχθρά).

355 2355 426 2417 593.
451 2354 570 2434 ὤφθης
593 2352 639 2434 (τ’)
664 2352 769 2415 Hcrw.

355 2443 426 2504 596.
452 2444 539 2523 ὄρνιν
564 2442 621 2525 -Ι
647 2442 691 2504 cf.
717 2441 799 2504 ch.
824 2440 896 2522 Cyr.
912 2440 968 2504 111.
987 2444 1014 2502 3.
1032 2443 1083 2501 22.
1107 2442 1175 2503 τότε
1199 2440 1237 2522 δή
1263 2442 1388 2509 οἰωνοῖς
1412 2465 1496 2523 χρη-

265 2533 401 2613 σάμενος
424 2533 533 2600 αἰσίοις
557 2531 702 2612 ἐνέβαλεν
726 2533 768 2599 εἰς
790 2532 846 2612 τήν
869 2530 1030 2610 πολεμίαν.
1122 2531 1209 2610 ὄρνιν
1232 2567 1274 2573 -
1298 2528 1421 2613 ἕδραις]
1450 2530 1496 2593 Cf.

266 2622 377 2685 Aesch.
404 2624 461 2703 Ag.
489 2620 560 2682 116.
584 2621 733 2701 φανέντες
756 2620 887 2698 (οἰωνοὶ)
907 2656 944 2663 -
969 2621 1188 2699 παμπρέπτοις
1212 2619 1245 2680 ἐν
1268 2619 1415 2699 ἕδραισιν.

355 2711 426 2772 599.
451 2710 558 2778 καλῶς
590 2710 781 2789 προσελθὼν
813 2715 870 2771 νῦν
894 2706 971 2792 -]’
991 2708 1111 2777 καλῶς’
1144 2707 1335 2788 προσελθὼν
1367 2714 1426 2770 νῦν
1452 2746 1496 2754 -

264 2801 414 2864 Badham.
440 2799 538 2861 Pracf.
564 2798 631 2860 Icn.
656 2819 683 2880 p.
701 2797 772 2860 Vll.
820 2798 929 2861 Scribe
952 2798 1071 2866 καλῶς·
1096 2797 1287 2877 προσελθών
1310 2820 1368 2859 νυν
1386 2833 1444 2860 -.

355 2908 427 2969 604.
451 2904 535 2988 Legc
558 2906 649 2968 πόλιν
673 2905 708 2967 δὲ
731 2907 786 2986 τήν
811 2910 876 2987 (pro
901 2905 991 2966 πόλιν
1013 2928 1045 2966 τε
1068 2906 1145 2985 σήν).

355 2997 427 3057 605.
450 2995 495 3076 μὴ
520 2996 594 3075 πρὶν
616 2993 770 3078 ταράξῃς]
798 2994 843 3076 μὴ
869 2994 1064 3074 ξυνταράξῃς
1089 2991 1197 3055 11111131.
1222 2992 1260 3054 ad
1285 2991 1392 3075 Suppl.
1418 2995 1497 3056 494.

308 3083 390 3166 τόδ’]
415 3083 524 3146 Malim
547 3084 624 3145 τάδ’.

355 3175 427 3236 607.
452 3175 486 3245 ἐξ
518 3173 655 3254 ἀνηλίων
687 3172 813 3256 μυχῶν]
853 3170 894 3234 Cf.
925 3172 1037 3234 Aesch.
1069 3171 1171 3234 Prcm.
1201 3173 1274 3233 453.
1312 3171 1344 3233 ἕν
1376 3179 1497 3254 μυχοῖς

265 3264 410 3345 ἀνηλίοις.

356 3372 427 3432 608.
453 3371 512 3432 οὐκ
537 3370 679 3449 ἀτιμάσω
697 3368 755 3451 -]
781 3368 825 3432 Cf.
846 3369 920 3432 Hcr.
939 3370 1010 3430 228.
1035 3368 1196 3449 μηδαμῶς
1220 3368 1372 3448 ἀτιμάσῃς
1393 3367 1397 3448 ]
1418 3368 1498 3438 τοὺς

260 3458 468 3540 Ἡρακλείους
490 3458 606 3528 παῖδας
630 3459 661 3527 ἒς
684 3459 790 3539 χειράς
817 3458 922 3538 λαβεῖν
946 3457 1066 3539 (λαβὼν
1090 3457 1181 3534 libri).
1205 3457 1318 3519 Aesch.
1343 3455 1392 3518 Fr.
1419 3459 1497 3520 255.

264 3546 447 3620 α’)θάνατε,
471 3549 516 3629 μή
549 3550 583 3628 μ’
608 3548 761 3629 ἀτιμάσῃς
783 3548 899 3628 μολεῖν.
982 3548 1082 3628 κόρης
1106 3565 1178 3608 mss.
1202 3545 1313 3627 Κόρης
1335 3545 1361 3606 τ’
1387 3543 1497 3609 Raisk.

265 3638 370 3701 Monh.
396 3637 434 3699 ad
460 3637 527 3699 Alc.
553 3637 625 3698 868.

355 3728 426 3789 612.
452 3727 620 3808 δωρήμασι
654 3745 726 3787 mss,
761 3725 936 3807 δωρήματα
970 3725 1034 3787 Pal.
1069 3723 1188 3786 chhl.
1232 3723 1349 3806 ἔδεσμα
1383 3723 1417 3787 F.
1446 3725 1498 3787 W.

265 3816 415 3879 Schmidt.
454 3821 566 3896 σοφοῖς
599 3815 772 3896 εὑρήμασιν
796 3815 827 3877 F.
852 3814 900 3876 W.
926 3812 1074 3876 Schmidt.
1119 3812 1203 3894 Lege
1236 3813 1413 3895 δωρήματα
1441 3823 1500 3878 aut

264 3907 369 3989 potius
394 3906 610 3985 δωρουμένης.

169 4088 171 4092 A
356 4014 428 4074 613.
452 4011 488 4073 τὰ
511 4017 640 4093 μυστῶν
657 4048 699 4054 -
716 4012 796 4091 ὄργι’
816 4010 962 4093 utam]
988 4010 1031 4072 Of.
1059 4010 1152 4072 Arist.
1177 4008 1254 4071 Ran.
1279 4009 1352 4070 356.
1377 4012 1396 4092 ἢ
1424 4035 1499 4091 γεν.

264 4103 362 4164 ναίων
386 4103 422 4180 (P)
447 4103 537 4181 ὄργια
563 4099 709 4162 Μουσῶν
736 4099 808 4181 μήτ’
836 4099 916 4162 εἰδεν
943 4099 1015 4182 μήτ’
1040 4099 1214 4180 ἐχόρευσεν.
1263 4099 1325 4162 Ubi
1350 4098 1502 4181 loquitur

265 4191 441 4272 Mystarum
466 4208 586 4271 praeca.

356 4281 427 4341 614.
452 4278 470 4359 ἦ
496 4279 549 4339 καί
573 4278 647 4361 --,·]
674 4276 731 4351 Qu.
756 4277 775 4360 ἦ
801 4278 861 4359 γὰρ
885 4303 944 4352 -,·

355 4370 427 4430 617.
452 4368 511 4430 οὐκ
545 4365 629 4429 οἰδεν
667 4367 773 4430 ἐλθὼν
810 4366 943 4430 τάνθάδ’
980 4367 1093 4448 εἰδείην
1130 4366 1234 4447 πάρος
1266 4385 1338 4428 mss.
1435 4371 1501 4433 οὐκ

265 4458 361 4522 οἰδεν·
385 4457 488 4541 ἦλθον
519 4456 652 4520 τάνθάδ’
685 4457 722 4518 ἵν’
756 4456 881 4539 ι’δοίμην
904 4457 1007 4537 πάρος
1031 4455 1152 4519 Wahct.
1178 4456 1238 4518 οὐκ
1262 4453 1360 4518 οἰδεν·
1384 4456 1502 4522 ἐλθὼν
