3210 5174
269 335 332 398 364
789 354 971 400 rnormssrr

269 551 310 562 -
339 514 402 577 ὑπὸ
428 508 491 577 τῶν
519 515 623 577 άλλων
651 513 813 596 Ἑλλήνων
845 514 994 577 εὔκλειαν.
1028 513 1145 578 Herod.
1173 513 1257 578 VIII.
1283 516 1333 578 94.
1361 515 1501 585 τούτους

266 603 326 686 μὲν
349 605 474 687 τοιαύτη
499 605 590 686 ηνάτις
613 605 675 686 ἔχει
698 603 762 666 ὑπὸ
782 604 970 687 Ἀθηναίων.

359 694 430 756 580.
454 694 674 776 μνηστεύματα
710 730 749 738 -
783 693 951 777 προσθείς]
985 692 1029 756 01.
1054 693 1136 756 Med.
1163 693 1256 757 1356.
1289 693 1359 757 οὐδ’
1392 694 1411 756 δ
1447 695 1501 756 σοί

267 783 420 864 προσθείς
444 782 575 864 γάμους.
667 783 733 863 ἒρεῖ
753 782 787 845 δὲ
812 783 850 864 δή
875 782 929 866 τις]
953 781 1074 847 Eadem
1091 781 1189 846 verba
1204 789 1278 846 sunt
1293 782 1400 866 Suppl.
1418 784 1499 845 314.

359 873 430 934 585.
455 873 498 941 εἰς
520 870 624 955 ταῦθ’]
649 870 673 934 Ι.
690 891 715 934 e.
740 872 782 941 εἰς
804 872 911 945 ταυτό,
942 872 1025 953 quod
1050 872 1167 955 legitur
1194 873 1287 934 etiarn
1311 871 1393 936 Med.
1419 873 1498 934 564.

267 959 339 1025 Hel.
366 961 436 1023 764.
462 960 537 1024 Cho.
555 962 628 1023 208.
646 959 680 1024 0.
691 960 727 1024 R.
746 961 817 1023 734.
856 959 940 1024 Raro
965 962 1025 1024 nisi
1049 963 1082 1023 in
1106 960 1320 1024 locutionibus
1343 962 1375 1032 ἐς
1398 961 1498 1024 ταυτό

268 1055 300 1113 et
322 1049 415 1112 ταυτό
439 1055 531 1113 τοῦτο
560 1049 643 1132 apud
671 1050 795 1113 Atticos
824 1057 933 1133 poetas
957 1050 1020 1133 legi
1050 1049 1143 1113 ταυτδ
1176 1056 1282 1115 monet
1312 1049 1421 1114 Elmsl.
1456 1050 1499 1112 ad

268 1138 376 1222 Suppl.
401 1141 474 1201 423.

359 1229 430 1291 586.
454 1227 549 1291 τῶνδ’
573 1227 749 1309 ἀπότροποι
772 1228 896 1312 κακῶν]
920 1227 1066 1292 Notanda
1081 1228 1239 1293 secundae
1255 1227 1398 1310 syllabae
1422 1248 1500 1312 pro·

269 1318 375 1381 ductio
408 1319 444 1380 in
475 1317 660 1399 ἀπότροποι.
700 1316 743 1380 01.
767 1316 861 1382 Herc.
886 1320 958 1381 821.
991 1318 1174 1399 ἀπότροπος
1211 1318 1314 1398 γένοιό
1339 1341 1396 1399 μοι
1429 1323 1500 1381 τῶν

267 1407 432 1490 πημάτων.
455 1406 569 1469 Aesch.
594 1405 696 1468 Prom.
722 1409 773 1469 24.
802 1409 821 1489 ἦ
846 1407 1050 1488 ποικιλείμων
1078 1405 1135 1479 νὺξ
1163 1407 1344 1488 ἀποκρύψει
1372 1407 1401 1486 (f.
1426 1405 1499 1470 τόδ’

267 1497 461 1578 ἀποκρύψει)
485 1495 576 1576 ψόας.
601 1495 686 1559 Pers.
711 1497 783 1557 217.
812 1497 899 1559 αἰτοῦ
927 1496 1022 1559 τῶνδ’
1046 1496 1231 1578 ἀποτροπὴν
1259 1496 1371 1578 λαβεῖν.
1396 1494 1497 1579 Soph.

268 1588 316 1667 Aj.
343 1586 414 1647 751.
452 1582 536 1647 Fert.
564 1585 665 1647 τῶνδέ
687 1584 716 1667 γ’
740 1621 795 1646 -.
886 1584 1045 1668 γένοισθε]
1079 1585 1208 1667 γένεσθε
1239 1588 1286 1667 (111
1308 1605 1385 1648 mox
1410 1586 1497 1665 δότε)

268 1674 357 1737 malit
379 1673 493 1737 Naber.

358 1764 430 1826 588.
460 1763 498 1825 οὐ
526 1761 631 1844 λόγων
659 1762 708 1825 ἔθ’
737 1763 825 1844 ἁγὼν
854 1762 962 1826 Elmsl.
992 1762 1031 1826 ad
1054 1762 1128 1826 Her.
1154 1764 1226 1826 722.
1317 1763 1390 1846 Leg.
1415 1764 1497 1846 ἀνή-

267 1853 371 1916 λωται.
461 1851 578 1933 χρόνος
602 1852 659 1914 οὑν
681 1852 782 1936 μέσῳ]
808 1853 851 1916 01.
868 1851 943 1915 Her.
963 1855 1033 1916 174.
1050 1853 1129 1935 χοῦν
1144 1854 1234 1934 μέσῳ
1249 1852 1348 1922 πολὺς
1366 1853 1498 1934 χρόνος.

358 1943 430 2004 589.
462 1941 600 2022 περαίνει
629 1941 658 2004 δ’
691 1941 786 2004 οὐδὲν
814 1942 873 2025 -]
907 1942 951 2005 01.
977 1942 1084 2026 Suppl.
1110 1944 1183 2005 584.
1211 1942 1401 2024 περαίνομεν
1432 1943 1498 2025 γάρ

269 2032 372 2094 οὐδέν.

358 2121 430 2182 590.
455 2118 643 2203 ξυμβαῖμεν]
668 2119 713 2182 01.
736 2118 831 2184 Here.
856 2122 906 2182 82.
931 2121 1089 2202 ἐκβαῖμεν.
1112 2127 1144 2184 et
1167 2121 1206 2183 ed
1230 2121 1284 2183 Ar.
1300 2118 1378 2184 Ran.
1399 2122 1498 2184 1448.

358 2211 432 2271 596.
457 2209 496 2270 οὐ
519 2208 632 2288 πρόσω
655 2209 804 2291 βεβηκὼς
828 2208 949 2272 Wakef.
974 2208 1002 2272 S.
1027 2210 1060 2273 0.
1085 2211 1171 2290 §re

359 2299 430 2360 597.
456 2296 558 2360 δειλὸν
583 2298 611 2360 δ’
635 2297 653 2360 ό
677 2298 811 2367 πλοῦτος
829 2298 886 2382 -]
911 2299 957 2362 01.
974 2299 1022 2361 Fr.
1040 2300 1112 2360 235.
1136 2300 1291 2371 πλουτεῖς,
1315 2299 1333 2361 ὁ
1356 2299 1500 2370 πλοῦτος

269 2386 297 2448 δ’
325 2387 449 2468 ἀμαθία
479 2386 581 2449 δειλόν
609 2386 643 2448 θ’
671 2388 746 2467 ἅμα.
780 2387 901 2450 Carcin.
926 2387 974 2450 Fr.
999 2389 1027 2450 9.
1061 2388 1163 2450 δειλόν
1195 2389 1263 2450 ἐσθ’
1296 2388 1314 2450 ὁ
1346 2387 1501 2460 Πλοῦτος

268 2476 321 2539 καί
344 2477 526 2558 φιλόψυχον
548 2475 658 2538 κακόν.
683 2477 779 2539 Arist.
804 2476 939 2539 11202.
964 2477 1040 2539 ἀλλά
1065 2477 1117 2540 καὶ
1140 2478 1263 2558 λέγουσι
1286 2478 1399 2547 πάντες
1424 2478 1497 2563 ὡς]

269 2565 444 2629 δειλότατόν
468 2564 537 2627 ἔσθ’
563 2565 581 2626 ά
604 2563 757 2635 Πλοῦτος.

358 2656 430 2716 598.
454 2653 535 2733 πρὸς
558 2653 611 2716 τόν
635 2653 741 2736 οὐδὲν]
765 2653 838 2738 Leg.
862 2655 943 2737 πρὸς
963 2656 997 2718 τὸ
1013 2656 1123 2738 μηδέν,
1163 2654 1205 2718 01
1222 2655 1314 2738 Soph.
1331 2654 1378 2717 El.
1398 2658 1499 2720 1166.

358 2744 430 2806 690.
455 2743 582 2824 κόμπος
605 2742 646 2825 εἰ]
671 2743 743 2824 Leg.
767 2745 898 2826 κομψὸς
922 2744 958 2816 εἰ,
983 2751 1038 2808 aul
1060 2746 1237 2826 κόμπασον.
1328 2747 1366 2807 αῖ
1376 2769 1413 2808 σε
1429 2748 1499 2810 σώ-

269 2837 377 2908 ζουσιν
401 2829 522 2916 θανεῖν]
547 2832 591 2895 01.
616 2832 684 2895 Alc.
712 2835 760 2894 ll.
785 2835 822 2895 ὃν
850 2836 957 2897 θανεῖν
986 2835 1176 2916 ἐρρυσάμην.
1222 2834 1420 2917 Plerumque
1448 2837 1499 2920 μὴ

268 2923 408 2996 additur,
433 2926 469 2984 ul
490 2923 524 2983 ln
549 2920 600 2983 Or.
626 2923 697 2984 599.
722 2923 849 3002 ῥύσεταί
868 2947 909 3003 με
931 2924 976 3005 μὴ
1000 2925 1117 2986 θανεῖν.
1141 2922 1188 2984 ΕΙ.
1215 2925 1286 2985 540.

358 3012 430 3074 601.
453 3010 535 3092 μέρη
559 3008 691 3094 χθονός]
721 3010 779 3086 Qu.
802 3013 901 3093 μέρος
926 3012 1045 3093 δόμων.
1085 3012 1128 3075 01.
1153 3013 1226 3074 483.
1250 3014 1312 3094 ἔχει
1335 3016 1501 3094 τυραννίδ’

268 3100 362 3170 αὐτὸς
385 3100 439 3162 καὶ
462 3099 575 3179 δόμων
598 3101 686 3182 ἐμῶν
706 3101 711 3182 ]
730 3102 837 3181 μέρος.

359 3190 431 3252 602.
456 3188 516 3251 οὐκ
540 3189 786 3273 ἀπαιτούμεσθ’]
820 3188 878 3265 Qu.
902 3191 962 3253 αύκ
986 3191 1057 3253 άπει
1079 3193 1203 3273 τάχιστ’,
1232 3192 1280 3254 vel
1306 3192 1366 3254 οὐκ
1390 3192 1500 3256 ἀπαλ-

267 3277 405 3352 λάξεσθ.
497 3278 560 3358 ἐγὼ
594 3278 653 3359 γάρ
685 3278 739 3341 τὸν
771 3279 850 3360 ἐμὸν
882 3281 1003 3361 οἰκήσω
1038 3279 1150 3363 δόμον]
1190 3280 1233 3344 Of.
1263 3280 1329 3363 Iph.
1355 3282 1393 3342 A.
1421 3283 1502 3345 331.

269 3369 339 3451 οὐχὶ
356 3368 441 3430 δεινά
447 3391 458 3441 ,·
473 3367 527 3429 τὸν
543 3367 621 3449 ε’μδν
637 3369 733 3431 οἰκεῖν
749 3367 838 3431 οἰκον
854 3371 914 3431 οὐκ
931 3371 1080 3451 έάσαμαι,·
1093 3369 1191 3431 Andr.
1206 3371 1277 3432 581.
1290 3369 1384 3452 Hipp.
1399 3372 1502 3436 1010.

358 3458 509 3519 6011ωῦ
541 3458 660 3539 μέρους
692 3459 776 3539 ἔχων
808 3458 843 3520 τό
875 3459 994 3542 πλεῖον]
1027 3457 1098 3521 Hee
1126 3458 1282 3521 insulsum
1307 3466 1360 3522 est.
1410 3459 1503 3545 Lege

270 3584 310 3593 -
335 3548 431 3608 πλέον
455 3570 497 3626 γε.

359 3637 432 3696 604.
456 3636 516 3697 σιἰκ
540 3636 785 3721 ἀπαιτούμεσθ’]
815 3636 873 3711 Qu.
898 3639 957 3700 οὐκ
987 3637 1199 3718 ἀναινόμεσθ,
1228 3643 1282 3699 aut
1310 3638 1348 3700 σύ
1376 3661 1502 3721 παραι·

268 3724 429 3805 τσύμεσθ.

359 3814 431 3876 606.
454 3819 518 3876 τῶν
542 3814 769 3898 λευκοπώλων]
794 3814 839 3877 01.
864 3814 957 3879 Here.
980 3818 1030 3877 29.
1054 3815 1098 3878 τὼ
1122 3815 1318 3878 λευκοπώλω
1341 3815 1420 3895 πρίν
1443 3842 1502 3880 τυ-

269 3910 421 3985 ραννῆσαι
453 3903 573 3984 χθονὸς
599 3902 602 3986 l
628 3903 774 3983 Ἀμφίον’
806 3904 864 3986 ἠδὲ
897 3903 1018 3985 Ζῆθον,
1051 3904 1175 3983 ε’κγόνω
1208 3904 1289 3974 Διός.
1322 3904 1394 3968 Hel.
1422 3907 1503 3971 639.

268 3992 361 4074 κόροι
383 3992 548 4054 λεύκιπποι
571 3994 809 4073 ξυνομαίμονες.
836 3994 963 4056 Theeer.
988 3993 1096 4055 XXII.
1122 3994 1172 4055 34.

359 4081 431 4143 607.
461 4081 714 4162 ἐξελαυνόμεσθα
743 4080 909 4164 πατρίδος]
943 4082 1092 4163 πατρίδος
1120 4082 1374 4162 ἐξελαυνόμεσθα
1406 4086 1507 4152 malit

268 4171 401 4252 Burges.
442 4168 500 4243 Qu.
525 4208 565 4216 -
589 4172 718 4252 πάτρας.

358 4258 432 4320 610.
455 4259 509 4320 καί
540 4265 721 4322 κατακτενῶ
754 4285 788 4341 χε
819 4259 916 4343 πρός]
955 4261 998 4323 01.
1023 4261 1136 4323 Aesell.
1162 4260 1264 4323 Prom,
1291 4263 1340 4324 73.
1379 4260 1401 4344 ἧ
1431 4265 1507 4348 μὴν

268 4349 408 4412 κελεύσω
442 4348 643 4420 κάπιθωύξω
682 4374 715 4428 γε
747 4349 835 4430 πρός.
869 4349 943 4413 Her.
970 4351 1042 4412 641.
1079 4350 1224 4431 μάλιστα·
1264 4350 1317 4413 καὶ
1353 4353 1440 4434 πρός
1472 4357 1505 4437 γ’

269 4441 405 4522 εὐτυχεῖς
427 4437 464 4501 τὰ
487 4444 544 4502 νῦν
565 4438 648 4501 τάδε.
672 4437 767 4523 Hipp.
792 4440 864 4502 893.
