<?xml version="1.0" encoding="UTF-8"?>
<!DOCTYPE html PUBLIC "-//W3C//DTD XHTML 1.0 Transitional//EN"
    "http://www.w3.org/TR/xhtml1/DTD/xhtml1-transitional.dtd">
<html xmlns="http://www.w3.org/1999/xhtml" xml:lang="en" lang="en">
 <head>
  <title>
</title>
<meta http-equiv="Content-Type" content="text/html;charset=utf-8" />
  <meta name='ocr-system' content='tesseract 3.04.00' />
  <meta name='ocr-capabilities' content='ocr_page ocr_carea ocr_par ocr_line ocrx_word'/>
</head>
<body>
  <div class='ocr_page' id='page_1' title='image "./adversariacriti02blaygoog_0260.png"; bbox 0 0 3210 5174; ppageno 0'>
   <div class='ocr_carea' id='block_1_1' title="bbox 647 334 1360 399">
    <p class='ocr_par' dir='ltr' id='par_1_1' title="bbox 647 334 1360 399">
     <span class='ocr_line' id='line_1_1' title="bbox 647 334 1360 399; baseline -0.003 0"><span class='ocrx_word' id='word_1_1' title='bbox 647 342 850 399; x_wconf 69' lang='lat' dir='ltr'><strong><em>monomcnn</em></strong></span> <span class='ocrx_word' id='word_1_2' title='bbox 1296 334 1360 397; x_wconf 84' lang='lat'><strong><em>233</em></strong></span> 
     </span>
    </p>
   </div>
   <div class='ocr_carea' id='block_1_2' title="bbox 136 511 1363 1489">
    <p class='ocr_par' dir='ltr' id='par_1_2' title="bbox 136 511 1362 684">
     <span class='ocr_line' id='line_1_2' title="bbox 226 511 1362 596; baseline 0 -21"><span class='ocrx_word' id='word_1_3' title='bbox 226 511 300 575; x_wconf 83' lang='lat'>206.</span> <span class='ocrx_word' id='word_1_4' title='bbox 325 512 390 574; x_wconf 86' lang='grc' dir='ltr'><em>ἀλλ’</em></span> <span class='ocrx_word' id='word_1_5' title='bbox 415 513 444 576; x_wconf 80' lang='grc' dir='ltr'><strong><em>εἰ</em></strong></span> <span class='ocrx_word' id='word_1_6' title='bbox 464 515 599 586; x_wconf 80' lang='grc' dir='ltr'><strong><em>ξυνεῖναι</em></strong></span> <span class='ocrx_word' id='word_1_7' title='bbox 622 515 682 593; x_wconf 89' lang='grc'><strong><em>-]</em></strong></span> <span class='ocrx_word' id='word_1_8' title='bbox 716 512 779 577; x_wconf 87' lang='lat' dir='ltr'><strong><em>Per</em></strong></span> <span class='ocrx_word' id='word_1_9' title='bbox 811 513 876 576; x_wconf 81' lang='grc' dir='ltr'><em>ἐπεὶ</em></span> <span class='ocrx_word' id='word_1_10' title='bbox 904 513 942 576; x_wconf 83' lang='grc' dir='ltr'><strong><em>οὐ</em></strong></span> <span class='ocrx_word' id='word_1_11' title='bbox 960 513 1157 596; x_wconf 84' lang='lat' dir='ltr'>—explieat</span> <span class='ocrx_word' id='word_1_12' title='bbox 1188 511 1297 575; x_wconf 82' lang='lat' dir='ltr'>Elmsl.</span> <span class='ocrx_word' id='word_1_13' title='bbox 1322 513 1362 575; x_wconf 82' lang='lat' dir='ltr'><strong><em>ad</em></strong></span> 
     </span>
     <span class='ocr_line' id='line_1_3' title="bbox 136 601 805 684; baseline -0.007 -17"><span class='ocrx_word' id='word_1_14' title='bbox 136 602 218 667; x_wconf 82' lang='lat' dir='ltr'>Med.</span> <span class='ocrx_word' id='word_1_15' title='bbox 243 602 294 663; x_wconf 84' lang='lat'>87.</span> <span class='ocrx_word' id='word_1_16' title='bbox 334 601 407 684; x_wconf 82' lang='lat' dir='ltr'>Leg.</span> <span class='ocrx_word' id='word_1_17' title='bbox 432 602 497 664; x_wconf 79' lang='grc' dir='ltr'><em>ἀλλ’</em></span> <span class='ocrx_word' id='word_1_18' title='bbox 521 603 567 664; x_wconf 80' lang='grc' dir='ltr'><strong><em>ὅτι</em></strong></span> <span class='ocrx_word' id='word_1_19' title='bbox 590 608 726 666; x_wconf 87' lang='grc' dir='ltr'><em>συνεῖναι</em></span> <span class='ocrx_word' id='word_1_20' title='bbox 750 639 805 662; x_wconf 96' lang='grc'><strong><em>-.</em></strong></span> 
     </span>
    </p>

    <p class='ocr_par' dir='ltr' id='par_1_3' title="bbox 137 690 1363 1042">
     <span class='ocr_line' id='line_1_4' title="bbox 160 690 1363 803; baseline 0.002 -51"><span class='ocrx_word' id='word_1_21' title='bbox 160 781 169 803; x_wconf 69' lang='lat'>,</span> <span class='ocrx_word' id='word_1_22' title='bbox 227 691 299 753; x_wconf 94' lang='grc'><strong>207.</strong></span> <span class='ocrx_word' id='word_1_23' title='bbox 323 691 452 802; x_wconf 50' lang='grc' dir='ltr'><strong><em>φίλτρον</em></strong></span> <span class='ocrx_word' id='word_1_24' title='bbox 476 690 504 754; x_wconf 85' lang='grc' dir='ltr'><strong><em>θ’</em></strong></span> <span class='ocrx_word' id='word_1_25' title='bbox 528 693 647 798; x_wconf 75' lang='grc' dir='ltr'><strong><em>ἔρωτος</em></strong></span> <span class='ocrx_word' id='word_1_26' title='bbox 675 693 713 755; x_wconf 85' lang='grc' dir='ltr'><strong><em>οὐ</em></strong></span> <span class='ocrx_word' id='word_1_27' title='bbox 745 690 781 755; x_wconf 88' lang='grc' dir='ltr'><strong><em>τὸ</em></strong></span> <span class='ocrx_word' id='word_1_28' title='bbox 808 692 936 764; x_wconf 80' lang='grc' dir='ltr'><strong><em>κάλλος,</em></strong></span> <span class='ocrx_word' id='word_1_29' title='bbox 965 690 994 755; x_wconf 81' lang='grc' dir='ltr'><strong><em>ὦ</em></strong></span> <span class='ocrx_word' id='word_1_30' title='bbox 1027 692 1116 773; x_wconf 85' lang='grc' dir='ltr'><strong><em>γύναι</em></strong></span> <span class='ocrx_word' id='word_1_31' title='bbox 1137 692 1141 772; x_wconf 88' lang='grc' dir='ltr'>Ι</span> <span class='ocrx_word' id='word_1_32' title='bbox 1166 690 1233 754; x_wconf 88' lang='grc' dir='ltr'><em>ἀλλ’</em></span> <span class='ocrx_word' id='word_1_33' title='bbox 1257 690 1363 772; x_wconf 84' lang='grc' dir='ltr'><strong><em>ἁρεταλ</em></strong></span> 
     </span>
     <span class='ocr_line' id='line_1_5' title="bbox 137 779 1362 954; baseline -0.001 -21"><span class='ocrx_word' id='word_1_34' title='bbox 137 784 598 954; x_wconf 34' lang='grc' dir='ltr'><strong><em>τερπο269έ6υςάἀλ6λθ6αἶς]</em></strong></span> <span class='ocrx_word' id='word_1_35' title='bbox 610 779 925 953; x_wconf 45' lang='grc'><strong>60665661621654.</strong></span> <span class='ocrx_word' id='word_1_36' title='bbox 954 869 973 953; x_wconf 79' lang='grc' dir='ltr'><em>ἦ</em></span> <span class='ocrx_word' id='word_1_37' title='bbox 998 870 1138 940; x_wconf 79' lang='grc' dir='ltr'><em>Σίπυλος</em></span> <span class='ocrx_word' id='word_1_38' title='bbox 1166 871 1248 933; x_wconf 85' lang='grc' dir='ltr'><strong><em>ἔσται</em></strong></span> <span class='ocrx_word' id='word_1_39' title='bbox 1271 869 1362 940; x_wconf 83' lang='grc' dir='ltr'><em>πόλις</em></span> 
     </span>
     <span class='ocr_line' id='line_1_6' title="bbox 139 959 805 1042; baseline 0 -20"><span class='ocrx_word' id='word_1_40' title='bbox 139 998 180 1005; x_wconf 93' lang='grc'>-</span> <span class='ocrx_word' id='word_1_41' title='bbox 208 959 293 1023; x_wconf 88' lang='grc' dir='ltr'><strong><em>Φθίσ</em></strong></span> <span class='ocrx_word' id='word_1_42' title='bbox 319 960 354 1023; x_wconf 60' lang='lat' dir='ltr'><strong><em>o&amp;</em></strong></span> <span class='ocrx_word' id='word_1_43' title='bbox 378 997 419 1006; x_wconf 94' lang='lat'><em>-</em></span> <span class='ocrx_word' id='word_1_44' title='bbox 445 960 592 1042; x_wconf 78' lang='grc' dir='ltr'><em>οὐδαμοῦ</em></span> <span class='ocrx_word' id='word_1_45' title='bbox 616 960 805 1042; x_wconf 79' lang='grc' dir='ltr'><em>κεκλήσεται.</em></span> 
     </span>
    </p>

    <p class='ocr_par' dir='ltr' id='par_1_4' title="bbox 227 1049 808 1132">
     <span class='ocr_line' id='line_1_7' title="bbox 227 1049 808 1132; baseline -0.002 -21"><span class='ocrx_word' id='word_1_46' title='bbox 227 1051 299 1112; x_wconf 91' lang='grc'><strong>210.</strong></span> <span class='ocrx_word' id='word_1_47' title='bbox 323 1049 393 1131; x_wconf 87' lang='grc' dir='ltr'><strong><em>μέγ’</em></strong></span> <span class='ocrx_word' id='word_1_48' title='bbox 418 1049 494 1132; x_wconf 82' lang='grc' dir='ltr'><strong><em>ἐστὶ]</em></strong></span> <span class='ocrx_word' id='word_1_49' title='bbox 520 1050 577 1126; x_wconf 82' lang='lat' dir='ltr'>Qu.</span> <span class='ocrx_word' id='word_1_50' title='bbox 601 1050 721 1132; x_wconf 79' lang='grc' dir='ltr'><em>μεγάλη</em></span> <span class='ocrx_word' id='word_1_51' title='bbox 748 1051 808 1112; x_wconf 86' lang='grc' dir='ltr'><strong><em>’στί</em></strong></span> 
     </span>
    </p>

    <p class='ocr_par' dir='ltr' id='par_1_5' title="bbox 227 1138 1319 1223">
     <span class='ocr_line' id='line_1_8' title="bbox 227 1138 1319 1223; baseline 0 -23"><span class='ocrx_word' id='word_1_52' title='bbox 227 1140 299 1201; x_wconf 92' lang='lat'>212.</span> <span class='ocrx_word' id='word_1_53' title='bbox 323 1140 418 1201; x_wconf 84' lang='grc' dir='ltr'><strong><em>ταῦτά</em></strong></span> <span class='ocrx_word' id='word_1_54' title='bbox 440 1140 489 1201; x_wconf 94' lang='grc' dir='ltr'><strong><em>τοί</em></strong></span> <span class='ocrx_word' id='word_1_55' title='bbox 510 1138 539 1201; x_wconf 87' lang='grc' dir='ltr'><strong><em>σ’</em></strong></span> <span class='ocrx_word' id='word_1_56' title='bbox 563 1139 650 1221; x_wconf 84' lang='grc' dir='ltr'><em>ἔχθει</em></span> <span class='ocrx_word' id='word_1_57' title='bbox 673 1138 780 1223; x_wconf 74' lang='grc' dir='ltr'><strong><em>πόσις]</em></strong></span> <span class='ocrx_word' id='word_1_58' title='bbox 805 1138 864 1215; x_wconf 80' lang='lat' dir='ltr'>Qu.</span> <span class='ocrx_word' id='word_1_59' title='bbox 887 1139 982 1202; x_wconf 86' lang='grc' dir='ltr'><strong><em>ταῦτά</em></strong></span> <span class='ocrx_word' id='word_1_60' title='bbox 1007 1142 1034 1202; x_wconf 86' lang='grc' dir='ltr'><strong><em>σ’</em></strong></span> <span class='ocrx_word' id='word_1_61' title='bbox 1059 1139 1198 1220; x_wconf 79' lang='grc' dir='ltr'><strong><em>ἐχθαίρει</em></strong></span> <span class='ocrx_word' id='word_1_62' title='bbox 1220 1138 1319 1209; x_wconf 84' lang='grc' dir='ltr'><strong><em>πόσις.</em></strong></span> 
     </span>
    </p>

    <p class='ocr_par' dir='ltr' id='par_1_6' title="bbox 227 1227 743 1312">
     <span class='ocr_line' id='line_1_9' title="bbox 227 1227 743 1312; baseline -0.002 -22"><span class='ocrx_word' id='word_1_63' title='bbox 227 1228 300 1290; x_wconf 88' lang='grc'><strong>213.</strong></span> <span class='ocrx_word' id='word_1_64' title='bbox 325 1227 397 1311; x_wconf 84' lang='grc' dir='ltr'><strong><em>κᾶν]</em></strong></span> <span class='ocrx_word' id='word_1_65' title='bbox 422 1227 490 1292; x_wconf 90' lang='lat' dir='ltr'><strong><em>Imo</em></strong></span> <span class='ocrx_word' id='word_1_66' title='bbox 514 1230 575 1310; x_wconf 82' lang='grc' dir='ltr'><strong><em>κῆν</em></strong></span> <span class='ocrx_word' id='word_1_67' title='bbox 598 1229 662 1307; x_wconf 78' lang='grc' dir='ltr'><strong><em>(καὶ</em></strong></span> <span class='ocrx_word' id='word_1_68' title='bbox 685 1230 743 1312; x_wconf 84' lang='grc' dir='ltr'><strong>ἥν).</strong></span> 
     </span>
    </p>

    <p class='ocr_par' dir='ltr' id='par_1_7' title="bbox 136 1317 1361 1489">
     <span class='ocr_line' id='line_1_10' title="bbox 226 1317 1361 1402; baseline 0 -23"><span class='ocrx_word' id='word_1_69' title='bbox 226 1318 299 1380; x_wconf 89' lang='grc'><strong>215.</strong></span> <span class='ocrx_word' id='word_1_70' title='bbox 323 1317 402 1399; x_wconf 87' lang='grc' dir='ltr'><strong><em>χιόνι</em></strong></span> <span class='ocrx_word' id='word_1_71' title='bbox 434 1318 490 1400; x_wconf 85' lang='grc' dir='ltr'><strong><em>τὴν</em></strong></span> <span class='ocrx_word' id='word_1_72' title='bbox 512 1318 721 1402; x_wconf 88' lang='grc' dir='ltr'><strong><em>κατάρρυτον]</em></strong></span> <span class='ocrx_word' id='word_1_73' title='bbox 755 1318 836 1381; x_wconf 75' lang='lat' dir='ltr'>Fort.</span> <span class='ocrx_word' id='word_1_74' title='bbox 869 1318 925 1401; x_wconf 79' lang='grc' dir='ltr'><strong><em>τὴν</em></strong></span> <span class='ocrx_word' id='word_1_75' title='bbox 957 1318 1037 1400; x_wconf 89' lang='grc' dir='ltr'><strong><em>χιόνι</em></strong></span> <span class='ocrx_word' id='word_1_76' title='bbox 1069 1317 1272 1400; x_wconf 82' lang='grc' dir='ltr'><strong><em>κατάρρυτον.</em></strong></span> <span class='ocrx_word' id='word_1_77' title='bbox 1317 1317 1361 1382; x_wconf 83' lang='lat' dir='ltr'>Of.</span> 
     </span>
     <span class='ocr_line' id='line_1_11' title="bbox 136 1405 926 1489; baseline -0.003 -19"><span class='ocrx_word' id='word_1_78' title='bbox 136 1407 205 1470; x_wconf 79' lang='lat' dir='ltr'><strong><em>Tro</em></strong></span> <span class='ocrx_word' id='word_1_79' title='bbox 233 1407 326 1469; x_wconf 89' lang='grc'><strong>1067.</strong></span> <span class='ocrx_word' id='word_1_80' title='bbox 359 1405 457 1470; x_wconf 87' lang='grc' dir='ltr'><strong><em>Ἰθαῖα</em></strong></span> <span class='ocrx_word' id='word_1_81' title='bbox 482 1443 522 1453; x_wconf 70' lang='lat'>-</span> <span class='ocrx_word' id='word_1_82' title='bbox 547 1408 631 1488; x_wconf 84' lang='grc' dir='ltr'><em>νάπη</em></span> <span class='ocrx_word' id='word_1_83' title='bbox 655 1407 735 1489; x_wconf 88' lang='grc' dir='ltr'><strong><em>χιόνι</em></strong></span> <span class='ocrx_word' id='word_1_84' title='bbox 758 1408 926 1488; x_wconf 88' lang='grc' dir='ltr'><strong><em>κατάρυτα.</em></strong></span> 
     </span>
    </p>
   </div>
   <div class='ocr_carea' id='block_1_3' title="bbox 136 1495 1366 4531">
    <p class='ocr_par' dir='ltr' id='par_1_8' title="bbox 136 1495 1363 1745">
     <span class='ocr_line' id='line_1_12' title="bbox 227 1495 1362 1580; baseline 0.001 -23"><span class='ocrx_word' id='word_1_85' title='bbox 227 1497 300 1558; x_wconf 88' lang='grc'><strong>218.</strong></span> <span class='ocrx_word' id='word_1_86' title='bbox 324 1496 495 1578; x_wconf 82' lang='grc' dir='ltr'><em>ἀπληστίαν</em></span> <span class='ocrx_word' id='word_1_87' title='bbox 520 1533 560 1541; x_wconf 89' lang='grc'><strong>-</strong></span> <span class='ocrx_word' id='word_1_88' title='bbox 584 1496 794 1580; x_wconf 72' lang='grc' dir='ltr'><strong><em>προστιθεῖσ]</em></strong></span> <span class='ocrx_word' id='word_1_89' title='bbox 832 1496 876 1560; x_wconf 80' lang='lat' dir='ltr'>of.</span> <span class='ocrx_word' id='word_1_90' title='bbox 901 1497 940 1559; x_wconf 84' lang='lat' dir='ltr'><strong><em>ad</em></strong></span> <span class='ocrx_word' id='word_1_91' title='bbox 964 1496 1057 1579; x_wconf 86' lang='lat' dir='ltr'>Hipp.</span> <span class='ocrx_word' id='word_1_92' title='bbox 1083 1496 1155 1558; x_wconf 87' lang='lat'>951.</span> <span class='ocrx_word' id='word_1_93' title='bbox 1188 1495 1263 1560; x_wconf 83' lang='lat' dir='ltr'>Her.</span> <span class='ocrx_word' id='word_1_94' title='bbox 1289 1497 1362 1559; x_wconf 94' lang='grc'><strong>476.</strong></span> 
     </span>
     <span class='ocr_line' id='line_1_13' title="bbox 181 1583 1363 1668; baseline 0.002 -21"><span class='ocrx_word' id='word_1_95' title='bbox 181 1585 352 1668; x_wconf 80' lang='grc' dir='ltr'><strong><em>ἀπληστίαν</em></strong></span> <span class='ocrx_word' id='word_1_96' title='bbox 384 1585 511 1668; x_wconf 86' lang='grc' dir='ltr'><strong><em>λέχους]</em></strong></span> <span class='ocrx_word' id='word_1_97' title='bbox 546 1583 589 1648; x_wconf 82' lang='lat' dir='ltr'>Cf.</span> <span class='ocrx_word' id='word_1_98' title='bbox 615 1584 696 1649; x_wconf 83' lang='lat' dir='ltr'>Med.</span> <span class='ocrx_word' id='word_1_99' title='bbox 724 1587 795 1649; x_wconf 87' lang='lat'>150.</span> <span class='ocrx_word' id='word_1_100' title='bbox 827 1591 882 1656; x_wconf 87' lang='grc' dir='ltr'><strong><em>τᾶς</em></strong></span> <span class='ocrx_word' id='word_1_101' title='bbox 914 1586 1074 1668; x_wconf 80' lang='grc' dir='ltr'><em>ἀπλήστου</em></span> <span class='ocrx_word' id='word_1_102' title='bbox 1108 1585 1284 1666; x_wconf 81' lang='grc' dir='ltr'><em>(ἀπλάστου</em></span> <span class='ocrx_word' id='word_1_103' title='bbox 1312 1585 1363 1664; x_wconf 82' lang='lat' dir='ltr'>al.)</span> 
     </span>
     <span class='ocr_line' id='line_1_14' title="bbox 136 1699 347 1745; baseline -0.019 -7"><span class='ocrx_word' id='word_1_104' title='bbox 136 1699 243 1745; x_wconf 91' lang='grc' dir='ltr'><strong><em>κοιτας</em></strong></span> <span class='ocrx_word' id='word_1_105' title='bbox 267 1699 281 1737; x_wconf 89' lang='grc' dir='ltr'><em>ε</em></span> <span class='ocrx_word' id='word_1_106' title='bbox 304 1699 347 1744; x_wconf 89' lang='grc' dir='ltr'><strong>ος.</strong></span> 
     </span>
    </p>

    <p class='ocr_par' dir='ltr' id='par_1_9' title="bbox 137 1699 1363 1935">
     <span class='ocr_line' id='line_1_15' title="bbox 227 1699 1363 1848; baseline 0.001 -21"><span class='ocrx_word' id='word_1_107' title='bbox 227 1699 301 1827; x_wconf 58' lang='grc'><strong>2219.</strong></span> <span class='ocrx_word' id='word_1_108' title='bbox 324 1765 525 1847; x_wconf 86' lang='grc' dir='ltr'><strong><em>προύστημεν</em></strong></span> <span class='ocrx_word' id='word_1_109' title='bbox 548 1763 671 1848; x_wconf 89' lang='grc' dir='ltr'><strong><em>καλῶς]</em></strong></span> <span class='ocrx_word' id='word_1_110' title='bbox 696 1765 830 1847; x_wconf 85' lang='lat' dir='ltr'>Angliee</span> <span class='ocrx_word' id='word_1_111' title='bbox 854 1763 978 1847; x_wconf 75' lang='lat' dir='ltr'>reddas,</span> <span class='ocrx_word' id='word_1_112' title='bbox 1002 1763 1017 1826; x_wconf 91' lang='grc' dir='ltr'>Ι</span> <span class='ocrx_word' id='word_1_113' title='bbox 1042 1763 1221 1847; x_wconf 81' lang='lat' dir='ltr'><strong>managed</strong></span> <span class='ocrx_word' id='word_1_114' title='bbox 1247 1765 1276 1826; x_wconf 83' lang='lat' dir='ltr'><strong><em>it</em></strong></span> <span class='ocrx_word' id='word_1_115' title='bbox 1299 1764 1363 1845; x_wconf 84' lang='lat' dir='ltr'>(tho</span> 
     </span>
     <span class='ocr_line' id='line_1_16' title="bbox 137 1853 422 1935; baseline -0.007 -19"><span class='ocrx_word' id='word_1_116' title='bbox 137 1853 304 1935; x_wconf 79' lang='lat' dir='ltr'><strong>infirmity)</strong></span> <span class='ocrx_word' id='word_1_117' title='bbox 329 1854 422 1918; x_wconf 81' lang='lat' dir='ltr'>well.</span> 
     </span>
    </p>

    <p class='ocr_par' dir='ltr' id='par_1_10' title="bbox 228 1942 1362 2027">
     <span class='ocr_line' id='line_1_17' title="bbox 228 1942 1362 2027; baseline 0 -22"><span class='ocrx_word' id='word_1_118' title='bbox 228 1946 301 2005; x_wconf 88' lang='grc'><strong>222.</strong></span> <span class='ocrx_word' id='word_1_119' title='bbox 326 1943 374 2007; x_wconf 82' lang='grc' dir='ltr'><strong><em>σοί</em></strong></span> <span class='ocrx_word' id='word_1_120' title='bbox 392 1980 432 1987; x_wconf 90' lang='grc'>-</span> <span class='ocrx_word' id='word_1_121' title='bbox 450 1942 609 2027; x_wconf 81' lang='grc' dir='ltr'><strong><em>ξυνήρων]</em></strong></span> <span class='ocrx_word' id='word_1_122' title='bbox 636 1942 801 2005; x_wconf 79' lang='lat' dir='ltr'>Menandri</span> <span class='ocrx_word' id='word_1_123' title='bbox 826 1942 952 2007; x_wconf 79' lang='lat' dir='ltr'>fabulae</span> <span class='ocrx_word' id='word_1_124' title='bbox 969 1943 1079 2007; x_wconf 83' lang='lat' dir='ltr'>titulus</span> <span class='ocrx_word' id='word_1_125' title='bbox 1099 1943 1162 2005; x_wconf 85' lang='lat' dir='ltr'><strong>fuit</strong></span> <span class='ocrx_word' id='word_1_126' title='bbox 1177 1942 1362 2026; x_wconf 86' lang='grc' dir='ltr'><strong><em>Συνερῶσα.</em></strong></span> 
     </span>
    </p>

    <p class='ocr_par' dir='ltr' id='par_1_11' title="bbox 137 2031 1363 2295">
     <span class='ocr_line' id='line_1_18' title="bbox 227 2031 1363 2115; baseline 0 -20"><span class='ocrx_word' id='word_1_127' title='bbox 227 2034 299 2095; x_wconf 88' lang='grc'><strong>224.</strong></span> <span class='ocrx_word' id='word_1_128' title='bbox 324 2032 378 2095; x_wconf 82' lang='grc' dir='ltr'><strong><em>καί</em></strong></span> <span class='ocrx_word' id='word_1_129' title='bbox 400 2031 520 2113; x_wconf 87' lang='grc' dir='ltr'><strong><em>μαστὸν</em></strong></span> <span class='ocrx_word' id='word_1_130' title='bbox 544 2032 623 2115; x_wconf 76' lang='grc' dir='ltr'><strong><em>ἤδη]</em></strong></span> <span class='ocrx_word' id='word_1_131' title='bbox 647 2032 700 2095; x_wconf 83' lang='grc' dir='ltr'><strong><em>καί</em></strong></span> <span class='ocrx_word' id='word_1_132' title='bbox 731 2033 822 2095; x_wconf 83' lang='grc' dir='ltr'><strong><em>τόνάε</em></strong></span> <span class='ocrx_word' id='word_1_133' title='bbox 854 2032 975 2115; x_wconf 87' lang='grc' dir='ltr'><strong><em>μαστὸν</em></strong></span> <span class='ocrx_word' id='word_1_134' title='bbox 999 2038 1054 2095; x_wconf 84' lang='lat' dir='ltr'><strong><em>aut</em></strong></span> <span class='ocrx_word' id='word_1_135' title='bbox 1076 2033 1129 2095; x_wconf 84' lang='grc' dir='ltr'><strong><em>καί</em></strong></span> <span class='ocrx_word' id='word_1_136' title='bbox 1160 2031 1282 2115; x_wconf 87' lang='grc' dir='ltr'><strong><em>μαστὸν</em></strong></span> <span class='ocrx_word' id='word_1_137' title='bbox 1305 2032 1363 2114; x_wconf 84' lang='grc' dir='ltr'><strong><em>ἥθε</em></strong></span> 
     </span>
     <span class='ocr_line' id='line_1_19' title="bbox 138 2120 1361 2204; baseline -0.002 -16"><span class='ocrx_word' id='word_1_138' title='bbox 138 2122 233 2202; x_wconf 82' lang='grc' dir='ltr'><strong><em>λέγώ)</em></strong></span> <span class='ocrx_word' id='word_1_139' title='bbox 257 2123 374 2186; x_wconf 82' lang='lat' dir='ltr'>frustra</span> <span class='ocrx_word' id='word_1_140' title='bbox 397 2120 502 2185; x_wconf 81' lang='lat' dir='ltr'>Herw.</span> <span class='ocrx_word' id='word_1_141' title='bbox 527 2122 565 2184; x_wconf 85' lang='lat' dir='ltr'><strong><em>ad</em></strong></span> <span class='ocrx_word' id='word_1_142' title='bbox 583 2121 618 2184; x_wconf 93' lang='grc'><strong><em>0.</em></strong></span> <span class='ocrx_word' id='word_1_143' title='bbox 629 2120 664 2183; x_wconf 89' lang='lat' dir='ltr'>R.</span> <span class='ocrx_word' id='word_1_144' title='bbox 679 2121 748 2184; x_wconf 88' lang='grc'><strong>105.</strong></span> <span class='ocrx_word' id='word_1_145' title='bbox 784 2122 827 2185; x_wconf 88' lang='lat' dir='ltr'>of.</span> <span class='ocrx_word' id='word_1_146' title='bbox 852 2142 877 2186; x_wconf 85' lang='lat' dir='ltr'>e.</span> <span class='ocrx_word' id='word_1_147' title='bbox 892 2143 921 2204; x_wconf 83' lang='lat' dir='ltr'>g.</span> <span class='ocrx_word' id='word_1_148' title='bbox 938 2120 1020 2187; x_wconf 85' lang='lat' dir='ltr'>Med.</span> <span class='ocrx_word' id='word_1_149' title='bbox 1037 2123 1109 2184; x_wconf 90' lang='grc'><strong>872.</strong></span> <span class='ocrx_word' id='word_1_150' title='bbox 1182 2120 1361 2203; x_wconf 90' lang='grc' dir='ltr'><strong><em>μαστὸν-</em></strong></span> 
     </span>
     <span class='ocr_line' id='line_1_20' title="bbox 137 2210 1362 2295; baseline -0.002 -21"><span class='ocrx_word' id='word_1_151' title='bbox 137 2211 283 2295; x_wconf 76' lang='grc' dir='ltr'><em>ἐπέσχον]</em></span> <span class='ocrx_word' id='word_1_152' title='bbox 308 2210 353 2273; x_wconf 84' lang='lat' dir='ltr'>of.</span> <span class='ocrx_word' id='word_1_153' title='bbox 379 2211 491 2275; x_wconf 81' lang='lat' dir='ltr'>Aesoh.</span> <span class='ocrx_word' id='word_1_154' title='bbox 517 2210 590 2274; x_wconf 85' lang='lat' dir='ltr'>Cho.</span> <span class='ocrx_word' id='word_1_155' title='bbox 615 2213 687 2273; x_wconf 88' lang='lat'>531.</span> <span class='ocrx_word' id='word_1_156' title='bbox 712 2211 790 2294; x_wconf 76' lang='grc' dir='ltr'><strong><em>αάττ]</em></strong></span> <span class='ocrx_word' id='word_1_157' title='bbox 814 2213 972 2294; x_wconf 86' lang='grc' dir='ltr'><em>προσέσχε</em></span> <span class='ocrx_word' id='word_1_158' title='bbox 993 2211 1115 2294; x_wconf 86' lang='grc' dir='ltr'><strong><em>μαστὸν</em></strong></span> <span class='ocrx_word' id='word_1_159' title='bbox 1138 2212 1171 2274; x_wconf 79' lang='grc' dir='ltr'><strong><em>ἐν</em></strong></span> <span class='ocrx_word' id='word_1_160' title='bbox 1194 2212 1362 2292; x_wconf 87' lang='grc' dir='ltr'><strong><em>τώνείρατι,</em></strong></span> 
     </span>
    </p>

    <p class='ocr_par' dir='ltr' id='par_1_12' title="bbox 227 2299 999 2384">
     <span class='ocr_line' id='line_1_21' title="bbox 227 2299 999 2384; baseline 0.003 -23"><span class='ocrx_word' id='word_1_161' title='bbox 227 2302 300 2362; x_wconf 87' lang='grc'><strong>226.</strong></span> <span class='ocrx_word' id='word_1_162' title='bbox 323 2300 452 2384; x_wconf 77' lang='grc' dir='ltr'><strong><em>τάρετῇ]</em></strong></span> <span class='ocrx_word' id='word_1_163' title='bbox 478 2299 597 2364; x_wconf 78' lang='lat' dir='ltr'>Eadem</span> <span class='ocrx_word' id='word_1_164' title='bbox 621 2302 718 2364; x_wconf 79' lang='lat' dir='ltr'>orasis</span> <span class='ocrx_word' id='word_1_165' title='bbox 742 2307 790 2364; x_wconf 82' lang='lat' dir='ltr'><strong><em>ost</em></strong></span> <span class='ocrx_word' id='word_1_166' title='bbox 811 2301 879 2364; x_wconf 80' lang='lat' dir='ltr'>Tro.</span> <span class='ocrx_word' id='word_1_167' title='bbox 907 2301 999 2364; x_wconf 88' lang='grc'><strong>1009.</strong></span> 
     </span>
    </p>

    <p class='ocr_par' dir='ltr' id='par_1_13' title="bbox 138 2387 1361 2566">
     <span class='ocr_line' id='line_1_22' title="bbox 227 2387 1361 2475; baseline 0.001 -24"><span class='ocrx_word' id='word_1_168' title='bbox 227 2391 300 2452; x_wconf 90' lang='grc'><strong>227.</strong></span> <span class='ocrx_word' id='word_1_169' title='bbox 324 2387 425 2470; x_wconf 74' lang='grc' dir='ltr'><strong><em>ρανίθ</em></strong></span> <span class='ocrx_word' id='word_1_170' title='bbox 450 2390 622 2475; x_wconf 80' lang='grc' dir='ltr'><strong><em>θπαιθρίου</em></strong></span> <span class='ocrx_word' id='word_1_171' title='bbox 647 2390 782 2475; x_wconf 79' lang='grc' dir='ltr'><em>δρόσου]</em></span> <span class='ocrx_word' id='word_1_172' title='bbox 808 2390 851 2453; x_wconf 87' lang='lat' dir='ltr'>Cf.</span> <span class='ocrx_word' id='word_1_173' title='bbox 877 2390 989 2454; x_wconf 80' lang='lat' dir='ltr'>Aesoh.</span> <span class='ocrx_word' id='word_1_174' title='bbox 1009 2391 1068 2474; x_wconf 81' lang='lat' dir='ltr'>Ag.</span> <span class='ocrx_word' id='word_1_175' title='bbox 1087 2391 1158 2454; x_wconf 92' lang='grc'><strong>336.</strong></span> <span class='ocrx_word' id='word_1_176' title='bbox 1182 2395 1247 2454; x_wconf 90' lang='grc' dir='ltr'><strong><em>τῶν</em></strong></span> <span class='ocrx_word' id='word_1_177' title='bbox 1270 2390 1361 2453; x_wconf 85' lang='grc' dir='ltr'><em>ὑπαι-</em></span> 
     </span>
     <span class='ocr_line' id='line_1_23' title="bbox 138 2478 857 2566; baseline 0 -25"><span class='ocrx_word' id='word_1_178' title='bbox 138 2480 241 2561; x_wconf 90' lang='grc' dir='ltr'><strong><em>θρίων</em></strong></span> <span class='ocrx_word' id='word_1_179' title='bbox 264 2479 402 2560; x_wconf 86' lang='grc' dir='ltr'><em>πάγων]</em></span> <span class='ocrx_word' id='word_1_180' title='bbox 424 2479 551 2559; x_wconf 81' lang='grc' dir='ltr'><strong><em>δρόσων</em></strong></span> <span class='ocrx_word' id='word_1_181' title='bbox 573 2478 599 2542; x_wconf 89' lang='grc' dir='ltr'><strong><em>τ’</em></strong></span> <span class='ocrx_word' id='word_1_182' title='bbox 622 2480 857 2566; x_wconf 86' lang='grc' dir='ltr'><strong><em>ἀπαλλαγέντες,</em></strong></span> 
     </span>
    </p>

    <p class='ocr_par' dir='ltr' id='par_1_14' title="bbox 137 2568 1363 2721">
     <span class='ocr_line' id='line_1_24' title="bbox 227 2568 1363 2653; baseline 0 -23"><span class='ocrx_word' id='word_1_183' title='bbox 227 2568 300 2631; x_wconf 91' lang='grc'><strong>230.</strong></span> <span class='ocrx_word' id='word_1_184' title='bbox 324 2574 388 2631; x_wconf 90' lang='grc' dir='ltr'><strong><em>τῶν</em></strong></span> <span class='ocrx_word' id='word_1_185' title='bbox 411 2573 524 2631; x_wconf 85' lang='grc' dir='ltr'><strong><em>κακῶν</em></strong></span> <span class='ocrx_word' id='word_1_186' title='bbox 548 2569 608 2649; x_wconf 86' lang='grc' dir='ltr'><strong><em>γὰρ</em></strong></span> <span class='ocrx_word' id='word_1_187' title='bbox 623 2568 786 2652; x_wconf 82' lang='grc' dir='ltr'><strong><em>μητέρων]</em></strong></span> <span class='ocrx_word' id='word_1_188' title='bbox 810 2574 874 2632; x_wconf 90' lang='grc' dir='ltr'><strong><em>τῶν</em></strong></span> <span class='ocrx_word' id='word_1_189' title='bbox 895 2575 1007 2632; x_wconf 84' lang='grc' dir='ltr'><strong><em>κακῶν</em></strong></span> <span class='ocrx_word' id='word_1_190' title='bbox 1024 2569 1059 2633; x_wconf 80' lang='grc' dir='ltr'><strong><em>δὲ</em></strong></span> <span class='ocrx_word' id='word_1_191' title='bbox 1081 2571 1230 2653; x_wconf 83' lang='grc' dir='ltr'><strong><em>μητέρων</em></strong></span> <span class='ocrx_word' id='word_1_192' title='bbox 1252 2568 1363 2632; x_wconf 81' lang='lat' dir='ltr'>Elmsl.</span> 
     </span>
     <span class='ocr_line' id='line_1_25' title="bbox 137 2655 905 2721; baseline -0.001 -1"><span class='ocrx_word' id='word_1_193' title='bbox 137 2657 176 2720; x_wconf 82' lang='lat' dir='ltr'><strong><em>ad</em></strong></span> <span class='ocrx_word' id='word_1_194' title='bbox 199 2658 234 2721; x_wconf 93' lang='grc'><strong><em>0.</em></strong></span> <span class='ocrx_word' id='word_1_195' title='bbox 252 2655 283 2719; x_wconf 82' lang='lat' dir='ltr'>G.</span> <span class='ocrx_word' id='word_1_196' title='bbox 311 2659 381 2720; x_wconf 89' lang='lat'>115.</span> <span class='ocrx_word' id='word_1_197' title='bbox 407 2666 438 2721; x_wconf 80' lang='lat' dir='ltr'><strong><em>et</em></strong></span> <span class='ocrx_word' id='word_1_198' title='bbox 460 2656 521 2721; x_wconf 80' lang='lat' dir='ltr'><strong><em>Ed.</em></strong></span> <span class='ocrx_word' id='word_1_199' title='bbox 545 2658 630 2720; x_wconf 81' lang='lat' dir='ltr'>Rev.</span> <span class='ocrx_word' id='word_1_200' title='bbox 655 2656 829 2721; x_wconf 84' lang='lat' dir='ltr'>XXXVII.</span> <span class='ocrx_word' id='word_1_201' title='bbox 855 2659 905 2721; x_wconf 94' lang='grc'><strong><em>79.</em></strong></span> 
     </span>
    </p>

    <p class='ocr_par' dir='ltr' id='par_1_15' title="bbox 137 2745 1363 3007">
     <span class='ocr_line' id='line_1_26' title="bbox 227 2745 1363 2830; baseline 0.002 -22"><span class='ocrx_word' id='word_1_202' title='bbox 227 2749 299 2810; x_wconf 90' lang='grc'><strong>234.</strong></span> <span class='ocrx_word' id='word_1_203' title='bbox 325 2749 367 2817; x_wconf 87' lang='grc' dir='ltr'><strong><em>είς</em></strong></span> <span class='ocrx_word' id='word_1_204' title='bbox 399 2747 497 2828; x_wconf 77' lang='grc' dir='ltr'><strong><em>ἀγῶν’</em></strong></span> <span class='ocrx_word' id='word_1_205' title='bbox 530 2749 612 2829; x_wconf 87' lang='grc' dir='ltr'><em>ἔρχει</em></span> <span class='ocrx_word' id='word_1_206' title='bbox 644 2746 760 2829; x_wconf 83' lang='grc' dir='ltr'><strong><em>λόγων]</em></strong></span> <span class='ocrx_word' id='word_1_207' title='bbox 794 2745 837 2810; x_wconf 75' lang='lat' dir='ltr'><strong><em>Ofi</em></strong></span> <span class='ocrx_word' id='word_1_208' title='bbox 861 2746 953 2830; x_wconf 89' lang='lat' dir='ltr'>Soph.</span> <span class='ocrx_word' id='word_1_209' title='bbox 977 2747 1024 2810; x_wconf 85' lang='lat' dir='ltr'>El.</span> <span class='ocrx_word' id='word_1_210' title='bbox 1052 2750 1144 2812; x_wconf 88' lang='grc'><strong>1492.</strong></span> <span class='ocrx_word' id='word_1_211' title='bbox 1169 2748 1274 2829; x_wconf 80' lang='grc' dir='ltr'><strong><em>λόγων</em></strong></span> <span class='ocrx_word' id='word_1_212' title='bbox 1302 2747 1363 2830; x_wconf 83' lang='grc' dir='ltr'><strong><em>γὰρ</em></strong></span> 
     </span>
     <span class='ocr_line' id='line_1_27' title="bbox 138 2837 1363 2920; baseline 0.001 -21"><span class='ocrx_word' id='word_1_213' title='bbox 138 2838 176 2899; x_wconf 80' lang='grc' dir='ltr'><strong><em>οὐ</em></strong></span> <span class='ocrx_word' id='word_1_214' title='bbox 201 2842 257 2899; x_wconf 87' lang='grc' dir='ltr'><strong><em>νῦν</em></strong></span> <span class='ocrx_word' id='word_1_215' title='bbox 281 2838 361 2899; x_wconf 80' lang='grc' dir='ltr'><strong><em>ἐστιν</em></strong></span> <span class='ocrx_word' id='word_1_216' title='bbox 384 2837 481 2917; x_wconf 80' lang='grc' dir='ltr'><strong>ἁγών.</strong></span> <span class='ocrx_word' id='word_1_217' title='bbox 506 2837 624 2900; x_wconf 84' lang='lat' dir='ltr'>Phoon.</span> <span class='ocrx_word' id='word_1_218' title='bbox 646 2837 719 2900; x_wconf 90' lang='grc'><strong>930.</strong></span> <span class='ocrx_word' id='word_1_219' title='bbox 743 2837 855 2919; x_wconf 87' lang='grc' dir='ltr'><strong><em>ὀρθῶς</em></strong></span> <span class='ocrx_word' id='word_1_220' title='bbox 877 2837 912 2919; x_wconf 91' lang='grc' dir='ltr'><strong><em>μ’</em></strong></span> <span class='ocrx_word' id='word_1_221' title='bbox 937 2838 1058 2920; x_wconf 81' lang='grc' dir='ltr'><strong><em>ἐρωτᾷς</em></strong></span> <span class='ocrx_word' id='word_1_222' title='bbox 1080 2839 1145 2908; x_wconf 89' lang='grc' dir='ltr'><strong><em>κείς</em></strong></span> <span class='ocrx_word' id='word_1_223' title='bbox 1168 2837 1257 2919; x_wconf 84' lang='grc' dir='ltr'><strong><em>ἀγῶν</em></strong></span> <span class='ocrx_word' id='word_1_224' title='bbox 1280 2839 1363 2920; x_wconf 76' lang='grc' dir='ltr'><strong><em>ἔρχει</em></strong></span> 
     </span>
     <span class='ocr_line' id='line_1_28' title="bbox 137 2926 250 3007; baseline -0.009 -19"><span class='ocrx_word' id='word_1_225' title='bbox 137 2926 250 3007; x_wconf 84' lang='grc' dir='ltr'><strong>λόγων.</strong></span> 
     </span>
    </p>

    <p class='ocr_par' dir='ltr' id='par_1_16' title="bbox 137 3013 1363 3191">
     <span class='ocr_line' id='line_1_29' title="bbox 227 3013 1363 3099; baseline 0.003 -23"><span class='ocrx_word' id='word_1_226' title='bbox 227 3017 300 3078; x_wconf 90' lang='grc'><strong>235.</strong></span> <span class='ocrx_word' id='word_1_227' title='bbox 325 3015 371 3085; x_wconf 89' lang='grc' dir='ltr'><strong><em>ὡς</em></strong></span> <span class='ocrx_word' id='word_1_228' title='bbox 399 3016 438 3097; x_wconf 82' lang='grc' dir='ltr'><strong><em>ὄν]</em></strong></span> <span class='ocrx_word' id='word_1_229' title='bbox 464 3014 502 3078; x_wconf 83' lang='grc' dir='ltr'><strong><em>σὺ</em></strong></span> <span class='ocrx_word' id='word_1_230' title='bbox 532 3015 687 3098; x_wconf 83' lang='grc' dir='ltr'><strong><em>σώφρων]</em></strong></span> <span class='ocrx_word' id='word_1_231' title='bbox 722 3013 764 3078; x_wconf 84' lang='lat' dir='ltr'>Cf.</span> <span class='ocrx_word' id='word_1_232' title='bbox 789 3016 882 3080; x_wconf 83' lang='lat' dir='ltr'>Horo.</span> <span class='ocrx_word' id='word_1_233' title='bbox 910 3016 1002 3079; x_wconf 90' lang='grc'><strong>1407.</strong></span> <span class='ocrx_word' id='word_1_234' title='bbox 1036 3017 1082 3087; x_wconf 88' lang='grc' dir='ltr'><strong><em>ῶς</em></strong></span> <span class='ocrx_word' id='word_1_235' title='bbox 1107 3017 1145 3099; x_wconf 81' lang='grc' dir='ltr'><strong><em>θη</em></strong></span> <span class='ocrx_word' id='word_1_236' title='bbox 1171 3016 1210 3080; x_wconf 87' lang='grc' dir='ltr'><strong><em>σὺ</em></strong></span> <span class='ocrx_word' id='word_1_237' title='bbox 1234 3017 1363 3098; x_wconf 80' lang='grc' dir='ltr'><strong><em>φίλτρον</em></strong></span> 
     </span>
     <span class='ocr_line' id='line_1_30' title="bbox 137 3103 1362 3191; baseline 0.001 -24"><span class='ocrx_word' id='word_1_238' title='bbox 137 3105 219 3167; x_wconf 83' lang='grc' dir='ltr'><strong><em>τοῦτ’</em></strong></span> <span class='ocrx_word' id='word_1_239' title='bbox 243 3106 326 3186; x_wconf 83' lang='grc' dir='ltr'><strong><em>ἔχων</em></strong></span> <span class='ocrx_word' id='word_1_240' title='bbox 350 3104 440 3186; x_wconf 86' lang='grc' dir='ltr'><strong><em>ῥᾴων</em></strong></span> <span class='ocrx_word' id='word_1_241' title='bbox 464 3107 532 3167; x_wconf 85' lang='grc' dir='ltr'><strong>ἔσει.</strong></span> <span class='ocrx_word' id='word_1_242' title='bbox 558 3103 754 3188; x_wconf 80' lang='lat' dir='ltr'>Antiph.111.</span> <span class='ocrx_word' id='word_1_243' title='bbox 767 3107 796 3166; x_wconf 91' lang='grc'><strong>4.</strong></span> <span class='ocrx_word' id='word_1_244' title='bbox 821 3105 867 3175; x_wconf 87' lang='grc' dir='ltr'><strong><em>ὡς</em></strong></span> <span class='ocrx_word' id='word_1_245' title='bbox 884 3104 923 3187; x_wconf 82' lang='grc' dir='ltr'><strong><em>θὴ</em></strong></span> <span class='ocrx_word' id='word_1_246' title='bbox 941 3107 979 3169; x_wconf 90' lang='grc' dir='ltr'><strong><em>σύ</em></strong></span> <span class='ocrx_word' id='word_1_247' title='bbox 995 3131 1021 3168; x_wconf 90' lang='grc' dir='ltr'><strong><em>τι</em></strong></span> <span class='ocrx_word' id='word_1_248' title='bbox 1040 3103 1043 3191; x_wconf 89' lang='grc' dir='ltr'>Ι</span> <span class='ocrx_word' id='word_1_249' title='bbox 1060 3112 1161 3169; x_wconf 87' lang='grc' dir='ltr'><em>ποιεῖν</em></span> <span class='ocrx_word' id='word_1_250' title='bbox 1178 3106 1362 3187; x_wconf 76' lang='grc' dir='ltr'><strong><em>δυνάμενος.</em></strong></span> 
     </span>
    </p>

    <p class='ocr_par' dir='ltr' id='par_1_17' title="bbox 227 3193 986 3277">
     <span class='ocr_line' id='line_1_31' title="bbox 227 3193 986 3277; baseline 0.001 -22"><span class='ocrx_word' id='word_1_251' title='bbox 227 3195 299 3257; x_wconf 91' lang='grc'><strong>236.</strong></span> <span class='ocrx_word' id='word_1_252' title='bbox 324 3195 444 3257; x_wconf 81' lang='grc' dir='ltr'><em>οὔκουν</em></span> <span class='ocrx_word' id='word_1_253' title='bbox 469 3193 527 3277; x_wconf 85' lang='grc'><strong><em>-]</em></strong></span> <span class='ocrx_word' id='word_1_254' title='bbox 553 3193 761 3275; x_wconf 84' lang='lat' dir='ltr'>Subintollige</span> <span class='ocrx_word' id='word_1_255' title='bbox 785 3196 930 3277; x_wconf 89' lang='grc' dir='ltr'><strong><em>σώφρων</em></strong></span> <span class='ocrx_word' id='word_1_256' title='bbox 954 3194 986 3257; x_wconf 81' lang='grc' dir='ltr'><strong>ελ.</strong></span> 
     </span>
    </p>

    <p class='ocr_par' dir='ltr' id='par_1_18' title="bbox 228 3282 1308 3365">
     <span class='ocr_line' id='line_1_32' title="bbox 228 3282 1308 3365; baseline 0 -19"><span class='ocrx_word' id='word_1_257' title='bbox 228 3285 300 3346; x_wconf 88' lang='grc'><strong>239.</strong></span> <span class='ocrx_word' id='word_1_258' title='bbox 326 3283 364 3345; x_wconf 86' lang='grc' dir='ltr'><strong><em>σὺ</em></strong></span> <span class='ocrx_word' id='word_1_259' title='bbox 389 3283 417 3345; x_wconf 76' lang='grc' dir='ltr'><strong><em>θ’</em></strong></span> <span class='ocrx_word' id='word_1_260' title='bbox 442 3284 480 3345; x_wconf 86' lang='grc' dir='ltr'><strong><em>οὐ</em></strong></span> <span class='ocrx_word' id='word_1_261' title='bbox 503 3283 600 3363; x_wconf 83' lang='grc' dir='ltr'><strong><em>λέγεις</em></strong></span> <span class='ocrx_word' id='word_1_262' title='bbox 622 3283 690 3364; x_wconf 82' lang='grc' dir='ltr'><strong><em>μὲν,</em></strong></span> <span class='ocrx_word' id='word_1_263' title='bbox 715 3284 794 3364; x_wconf 80' lang='grc' dir='ltr'><strong><em>ὁρᾷς</em></strong></span> <span class='ocrx_word' id='word_1_264' title='bbox 819 3283 853 3346; x_wconf 73' lang='grc' dir='ltr'><strong><em>θλ</em></strong></span> <span class='ocrx_word' id='word_1_265' title='bbox 878 3284 906 3365; x_wconf 84' lang='grc' dir='ltr'><strong><em>γ’</em></strong></span> <span class='ocrx_word' id='word_1_266' title='bbox 931 3285 974 3353; x_wconf 82' lang='grc' dir='ltr'><strong><em>εἰς</em></strong></span> <span class='ocrx_word' id='word_1_267' title='bbox 997 3285 1074 3347; x_wconf 87' lang='grc' dir='ltr'><em>ὅσον</em></span> <span class='ocrx_word' id='word_1_268' title='bbox 1098 3284 1178 3364; x_wconf 80' lang='grc' dir='ltr'><em>δύνᾳ</em></span> <span class='ocrx_word' id='word_1_269' title='bbox 1203 3282 1308 3347; x_wconf 80' lang='lat' dir='ltr'>Cobet.</span> 
     </span>
    </p>

    <p class='ocr_par' dir='ltr' id='par_1_19' title="bbox 138 3372 1362 3544">
     <span class='ocr_line' id='line_1_33' title="bbox 227 3372 1362 3456; baseline -0.001 -21"><span class='ocrx_word' id='word_1_270' title='bbox 227 3375 300 3435; x_wconf 86' lang='grc'><strong>242.</strong></span> <span class='ocrx_word' id='word_1_271' title='bbox 325 3373 374 3435; x_wconf 81' lang='grc' dir='ltr'><strong><em>ναὶ</em></strong></span> <span class='ocrx_word' id='word_1_272' title='bbox 398 3392 457 3434; x_wconf 86' lang='lat' dir='ltr'>om.</span> <span class='ocrx_word' id='word_1_273' title='bbox 484 3372 518 3435; x_wconf 87' lang='lat' dir='ltr'>B.</span> <span class='ocrx_word' id='word_1_274' title='bbox 547 3372 631 3437; x_wconf 81' lang='lat' dir='ltr'>dolet</span> <span class='ocrx_word' id='word_1_275' title='bbox 659 3372 765 3437; x_wconf 81' lang='lat' dir='ltr'>Cobet.</span> <span class='ocrx_word' id='word_1_276' title='bbox 805 3373 842 3434; x_wconf 84' lang='lat' dir='ltr'>V.</span> <span class='ocrx_word' id='word_1_277' title='bbox 866 3372 900 3435; x_wconf 84' lang='lat' dir='ltr'>L.</span> <span class='ocrx_word' id='word_1_278' title='bbox 924 3393 952 3456; x_wconf 93' lang='lat' dir='ltr'>p.</span> <span class='ocrx_word' id='word_1_279' title='bbox 978 3374 1049 3435; x_wconf 78' lang='lat'>370.</span> <span class='ocrx_word' id='word_1_280' title='bbox 1096 3372 1206 3454; x_wconf 77' lang='lat' dir='ltr'>Recto,</span> <span class='ocrx_word' id='word_1_281' title='bbox 1243 3374 1362 3455; x_wconf 88' lang='lat' dir='ltr'>opinor.</span> 
     </span>
     <span class='ocr_line' id='line_1_34' title="bbox 138 3456 533 3544; baseline -0.01 -18"><span class='ocrx_word' id='word_1_282' title='bbox 138 3462 182 3526; x_wconf 84' lang='lat' dir='ltr'><strong><em>of.</em></strong></span> <span class='ocrx_word' id='word_1_283' title='bbox 207 3462 245 3526; x_wconf 84' lang='lat' dir='ltr'><strong><em>ad</em></strong></span> <span class='ocrx_word' id='word_1_284' title='bbox 271 3456 435 3544; x_wconf 74' lang='lat' dir='ltr'>Sop11.Tr.</span> <span class='ocrx_word' id='word_1_285' title='bbox 460 3463 533 3524; x_wconf 85' lang='grc'><strong>425.</strong></span> 
     </span>
    </p>

    <p class='ocr_par' dir='ltr' id='par_1_20' title="bbox 136 3550 1363 3794">
     <span class='ocr_line' id='line_1_35' title="bbox 228 3550 1362 3635; baseline 0.001 -21"><span class='ocrx_word' id='word_1_286' title='bbox 228 3553 300 3614; x_wconf 86' lang='grc'><strong>245.</strong></span> <span class='ocrx_word' id='word_1_287' title='bbox 325 3551 409 3633; x_wconf 84' lang='grc' dir='ltr'><strong><em>σοφὴ</em></strong></span> <span class='ocrx_word' id='word_1_288' title='bbox 444 3551 528 3632; x_wconf 83' lang='grc' dir='ltr'><strong><em>σοφὴ</em></strong></span> <span class='ocrx_word' id='word_1_289' title='bbox 562 3550 600 3613; x_wconf 84' lang='grc' dir='ltr'><strong><em>σὺ</em></strong></span> <span class='ocrx_word' id='word_1_290' title='bbox 626 3551 684 3635; x_wconf 91' lang='grc'><strong><em>--]</em></strong></span> <span class='ocrx_word' id='word_1_291' title='bbox 724 3550 768 3614; x_wconf 82' lang='lat' dir='ltr'>of.</span> <span class='ocrx_word' id='word_1_292' title='bbox 798 3551 910 3615; x_wconf 79' lang='lat' dir='ltr'>Bacch.</span> <span class='ocrx_word' id='word_1_293' title='bbox 941 3552 1013 3614; x_wconf 88' lang='grc'><strong>654.</strong></span> <span class='ocrx_word' id='word_1_294' title='bbox 1051 3551 1153 3633; x_wconf 88' lang='grc' dir='ltr'><strong><em>σοφὸς</em></strong></span> <span class='ocrx_word' id='word_1_295' title='bbox 1190 3551 1291 3633; x_wconf 89' lang='grc' dir='ltr'><strong><em>σοφὸς</em></strong></span> <span class='ocrx_word' id='word_1_296' title='bbox 1324 3551 1362 3615; x_wconf 87' lang='grc' dir='ltr'><strong><em>σὺ</em></strong></span> 
     </span>
     <span class='ocr_line' id='line_1_36' title="bbox 136 3639 1363 3724; baseline 0.001 -21"><span class='ocrx_word' id='word_1_297' title='bbox 136 3642 218 3724; x_wconf 80' lang='grc' dir='ltr'><em>πλὴν</em></span> <span class='ocrx_word' id='word_1_298' title='bbox 242 3643 261 3703; x_wconf 87' lang='grc' dir='ltr'>ἃ</span> <span class='ocrx_word' id='word_1_299' title='bbox 287 3642 336 3704; x_wconf 84' lang='grc' dir='ltr'><strong><em>ἀεῖ</em></strong></span> <span class='ocrx_word' id='word_1_300' title='bbox 355 3641 384 3704; x_wconf 85' lang='grc' dir='ltr'><strong><em>σ’</em></strong></span> <span class='ocrx_word' id='word_1_301' title='bbox 408 3639 485 3703; x_wconf 78' lang='grc' dir='ltr'><strong><em>εἶναι</em></strong></span> <span class='ocrx_word' id='word_1_302' title='bbox 514 3640 625 3722; x_wconf 87' lang='grc' dir='ltr'><strong>σοφόν.</strong></span> <span class='ocrx_word' id='word_1_303' title='bbox 655 3641 726 3703; x_wconf 90' lang='grc'><strong>969.</strong></span> <span class='ocrx_word' id='word_1_304' title='bbox 756 3641 857 3710; x_wconf 83' lang='grc' dir='ltr'><strong><em>θετνός</em></strong></span> <span class='ocrx_word' id='word_1_305' title='bbox 885 3641 923 3704; x_wconf 85' lang='grc' dir='ltr'><strong><em>σὺ</em></strong></span> <span class='ocrx_word' id='word_1_306' title='bbox 948 3641 1050 3711; x_wconf 85' lang='grc' dir='ltr'><strong><em>θεινός</em></strong></span> <span class='ocrx_word' id='word_1_307' title='bbox 1077 3641 1154 3704; x_wconf 81' lang='grc' dir='ltr'><em>κάπὶ</em></span> <span class='ocrx_word' id='word_1_308' title='bbox 1183 3640 1256 3704; x_wconf 76' lang='grc' dir='ltr'><em>δείν’</em></span> <span class='ocrx_word' id='word_1_309' title='bbox 1280 3642 1363 3724; x_wconf 86' lang='grc' dir='ltr'><strong><em>ἔρχει</em></strong></span> 
     </span>
     <span class='ocr_line' id='line_1_37' title="bbox 137 3732 238 3794; baseline -0.01 -2"><span class='ocrx_word' id='word_1_310' title='bbox 137 3732 238 3794; x_wconf 86' lang='grc' dir='ltr'><strong>πάθτ.</strong></span> 
     </span>
    </p>

    <p class='ocr_par' dir='ltr' id='par_1_21' title="bbox 136 3756 1362 4083">
     <span class='ocr_line' id='line_1_38' title="bbox 219 3756 1362 3904; baseline -0.003 -21"><span class='ocrx_word' id='word_1_311' title='bbox 219 3756 300 3883; x_wconf 50' lang='grc'><strong>1248.</strong></span> <span class='ocrx_word' id='word_1_312' title='bbox 321 3819 446 3904; x_wconf 86' lang='grc' dir='ltr'><strong><em>Ἑλένη]</em></strong></span> <span class='ocrx_word' id='word_1_313' title='bbox 480 3819 556 3900; x_wconf 80' lang='grc' dir='ltr'><strong><em>ἄλλη</em></strong></span> <span class='ocrx_word' id='word_1_314' title='bbox 589 3818 694 3882; x_wconf 85' lang='lat' dir='ltr'>HorW.</span> <span class='ocrx_word' id='word_1_315' title='bbox 786 3822 891 3902; x_wconf 83' lang='grc' dir='ltr'><strong><em>μήτηρ</em></strong></span> <span class='ocrx_word' id='word_1_316' title='bbox 924 3844 959 3901; x_wconf 87' lang='grc' dir='ltr'><strong><em>γε</em></strong></span> <span class='ocrx_word' id='word_1_317' title='bbox 991 3820 1048 3904; x_wconf 80' lang='grc' dir='ltr'><strong><em>σή]</em></strong></span> <span class='ocrx_word' id='word_1_318' title='bbox 1082 3819 1126 3883; x_wconf 83' lang='lat' dir='ltr'>Of.</span> <span class='ocrx_word' id='word_1_319' title='bbox 1153 3819 1264 3883; x_wconf 80' lang='lat' dir='ltr'>Bacch.</span> <span class='ocrx_word' id='word_1_320' title='bbox 1289 3821 1362 3883; x_wconf 82' lang='lat'>924.</span> 
     </span>
     <span class='ocr_line' id='line_1_39' title="bbox 136 3910 1362 4083; baseline 0.001 -23"><span class='ocrx_word' id='word_1_321' title='bbox 136 3934 300 4062; x_wconf 57' lang='grc' dir='ltr'><strong>μητρ2ς49.</strong></span> <span class='ocrx_word' id='word_1_322' title='bbox 324 3910 473 4080; x_wconf 65' lang='grc' dir='ltr'><strong><em>ἀλλέάεις]</em></strong></span> <span class='ocrx_word' id='word_1_323' title='bbox 497 3998 653 4080; x_wconf 65' lang='grc' dir='ltr'><strong><em>Τεαςθε,</em></strong></span> <span class='ocrx_word' id='word_1_324' title='bbox 677 4000 695 4061; x_wconf 91' lang='lat' dir='ltr'>i.</span> <span class='ocrx_word' id='word_1_325' title='bbox 720 4017 746 4061; x_wconf 84' lang='lat' dir='ltr'>o.</span> <span class='ocrx_word' id='word_1_326' title='bbox 770 3998 968 4062; x_wconf 84' lang='lat' dir='ltr'>memorabis.</span> <span class='ocrx_word' id='word_1_327' title='bbox 1009 3996 1051 4062; x_wconf 83' lang='lat' dir='ltr'>Of.</span> <span class='ocrx_word' id='word_1_328' title='bbox 1076 3996 1168 4083; x_wconf 85' lang='lat' dir='ltr'>Soph.</span> <span class='ocrx_word' id='word_1_329' title='bbox 1194 3999 1268 4062; x_wconf 82' lang='lat' dir='ltr'>Ant.</span> <span class='ocrx_word' id='word_1_330' title='bbox 1288 3999 1362 4061; x_wconf 84' lang='grc'><strong>857.</strong></span> 
     </span>
    </p>

    <p class='ocr_par' dir='ltr' id='par_1_22' title="bbox 228 4087 836 4171">
     <span class='ocr_line' id='line_1_40' title="bbox 228 4087 836 4171; baseline 0.003 -21"><span class='ocrx_word' id='word_1_331' title='bbox 228 4090 300 4150; x_wconf 83' lang='grc'><strong>251.</strong></span> <span class='ocrx_word' id='word_1_332' title='bbox 326 4087 446 4171; x_wconf 83' lang='grc' dir='ltr'><strong><em>οὕνεκ’]</em></strong></span> <span class='ocrx_word' id='word_1_333' title='bbox 471 4087 562 4150; x_wconf 84' lang='grc' dir='ltr'><em>εἵνεκ’</em></span> <span class='ocrx_word' id='word_1_334' title='bbox 587 4095 671 4152; x_wconf 78' lang='lat' dir='ltr'>recto</span> <span class='ocrx_word' id='word_1_335' title='bbox 695 4087 728 4151; x_wconf 84' lang='grc'><strong><em>0.</em></strong></span> <span class='ocrx_word' id='word_1_336' title='bbox 829 4088 836 4100; x_wconf 78' lang='grc'><strong>“</strong></span> 
     </span>
    </p>

    <p class='ocr_par' dir='ltr' id='par_1_23' title="bbox 138 4176 1366 4531">
     <span class='ocr_line' id='line_1_41' title="bbox 228 4176 1363 4263; baseline 0.003 -24"><span class='ocrx_word' id='word_1_337' title='bbox 228 4180 300 4239; x_wconf 84' lang='grc'><strong>254.</strong></span> <span class='ocrx_word' id='word_1_338' title='bbox 325 4179 353 4239; x_wconf 87' lang='grc' dir='ltr'><strong><em>εί</em></strong></span> <span class='ocrx_word' id='word_1_339' title='bbox 377 4177 436 4257; x_wconf 80' lang='grc' dir='ltr'><strong><em>μὲν</em></strong></span> <span class='ocrx_word' id='word_1_340' title='bbox 464 4178 628 4258; x_wconf 84' lang='grc' dir='ltr'><strong><em>θανοῦμαί</em></strong></span> <span class='ocrx_word' id='word_1_341' title='bbox 654 4176 695 4257; x_wconf 80' lang='grc' dir='ltr'><strong><em>γ’·</em></strong></span> <span class='ocrx_word' id='word_1_342' title='bbox 724 4179 753 4239; x_wconf 89' lang='grc' dir='ltr'><strong><em>εἶ</em></strong></span> <span class='ocrx_word' id='word_1_343' title='bbox 779 4177 813 4239; x_wconf 80' lang='grc' dir='ltr'><strong><em>δὲ</em></strong></span> <span class='ocrx_word' id='word_1_344' title='bbox 840 4177 900 4260; x_wconf 81' lang='grc' dir='ltr'><strong><em>μὴ,</em></strong></span> <span class='ocrx_word' id='word_1_345' title='bbox 931 4178 969 4240; x_wconf 84' lang='grc' dir='ltr'><strong><em>σθ</em></strong></span> <span class='ocrx_word' id='word_1_346' title='bbox 997 4178 1097 4259; x_wconf 86' lang='grc' dir='ltr'><strong><em>λείφω</em></strong></span> <span class='ocrx_word' id='word_1_347' title='bbox 1121 4179 1213 4263; x_wconf 89' lang='grc' dir='ltr'><strong><em>ποτέ]</em></strong></span> <span class='ocrx_word' id='word_1_348' title='bbox 1243 4177 1363 4241; x_wconf 79' lang='lat' dir='ltr'>Eadem</span> 
     </span>
     <span class='ocr_line' id='line_1_42' title="bbox 138 4266 1362 4348; baseline -0.002 -18"><span class='ocrx_word' id='word_1_349' title='bbox 138 4269 236 4331; x_wconf 85' lang='lat' dir='ltr'>orasis</span> <span class='ocrx_word' id='word_1_350' title='bbox 261 4274 307 4329; x_wconf 79' lang='lat' dir='ltr'><strong><em>ost</em></strong></span> <span class='ocrx_word' id='word_1_351' title='bbox 330 4266 396 4348; x_wconf 88' lang='lat' dir='ltr'>Iph.</span> <span class='ocrx_word' id='word_1_352' title='bbox 413 4267 534 4328; x_wconf 63' lang='lat'>1818.</span> <span class='ocrx_word' id='word_1_353' title='bbox 559 4268 587 4327; x_wconf 78' lang='grc' dir='ltr'><strong><em>εἰ</em></strong></span> <span class='ocrx_word' id='word_1_354' title='bbox 608 4266 642 4329; x_wconf 80' lang='grc' dir='ltr'><strong><em>δὲ</em></strong></span> <span class='ocrx_word' id='word_1_355' title='bbox 657 4266 717 4348; x_wconf 82' lang='grc' dir='ltr'><strong><em>μὴ,</em></strong></span> <span class='ocrx_word' id='word_1_356' title='bbox 742 4268 780 4328; x_wconf 76' lang='grc' dir='ltr'><strong><em>οὐ</em></strong></span> <span class='ocrx_word' id='word_1_357' title='bbox 797 4267 995 4347; x_wconf 84' lang='grc' dir='ltr'><strong><em>σεσώσμεθσ.</em></strong></span> <span class='ocrx_word' id='word_1_358' title='bbox 1021 4266 1246 4331; x_wconf 77' lang='lat' dir='ltr'>Chelidonism.</span> <span class='ocrx_word' id='word_1_359' title='bbox 1262 4266 1362 4330; x_wconf 90' lang='lat' dir='ltr'>Rhod.</span> 
     </span>
     <span class='ocr_line' id='line_1_43' title="bbox 141 4354 1366 4438; baseline 0.001 -20"><span class='ocrx_word' id='word_1_360' title='bbox 141 4359 189 4418; x_wconf 90' lang='grc'><strong><em>14.</em></strong></span> <span class='ocrx_word' id='word_1_361' title='bbox 214 4358 243 4418; x_wconf 87' lang='grc' dir='ltr'><strong><em>εί</em></strong></span> <span class='ocrx_word' id='word_1_362' title='bbox 265 4357 298 4418; x_wconf 78' lang='grc' dir='ltr'><strong><em>δὲ</em></strong></span> <span class='ocrx_word' id='word_1_363' title='bbox 321 4356 380 4437; x_wconf 77' lang='grc' dir='ltr'><strong><em>μὴ,</em></strong></span> <span class='ocrx_word' id='word_1_364' title='bbox 406 4357 465 4418; x_wconf 79' lang='grc' dir='ltr'><strong><em>οὐκ</em></strong></span> <span class='ocrx_word' id='word_1_365' title='bbox 489 4356 633 4435; x_wconf 84' lang='grc' dir='ltr'><strong><em>ε’τίσομεν.</em></strong></span> <span class='ocrx_word' id='word_1_366' title='bbox 658 4356 752 4418; x_wconf 73' lang='lat' dir='ltr'>Arist.</span> <span class='ocrx_word' id='word_1_367' title='bbox 776 4356 830 4417; x_wconf 79' lang='lat' dir='ltr'>Th.</span> <span class='ocrx_word' id='word_1_368' title='bbox 849 4356 920 4419; x_wconf 85' lang='lat'>536.</span> <span class='ocrx_word' id='word_1_369' title='bbox 945 4357 974 4418; x_wconf 86' lang='grc' dir='ltr'><strong><em>εί</em></strong></span> <span class='ocrx_word' id='word_1_370' title='bbox 992 4356 1052 4438; x_wconf 82' lang='grc' dir='ltr'><strong><em>μὲν</em></strong></span> <span class='ocrx_word' id='word_1_371' title='bbox 1076 4354 1133 4419; x_wconf 84' lang='grc' dir='ltr'><strong><em>οὖν</em></strong></span> <span class='ocrx_word' id='word_1_372' title='bbox 1156 4358 1198 4427; x_wconf 85' lang='grc' dir='ltr'><strong><em>τίς</em></strong></span> <span class='ocrx_word' id='word_1_373' title='bbox 1222 4357 1313 4420; x_wconf 80' lang='grc' dir='ltr'><strong><em>ἐστιν·</em></strong></span> <span class='ocrx_word' id='word_1_374' title='bbox 1337 4358 1366 4419; x_wconf 91' lang='grc' dir='ltr'><strong><em>εί</em></strong></span> 
     </span>
     <span class='ocr_line' id='line_1_44' title="bbox 139 4444 1082 4531; baseline -0.002 -23"><span class='ocrx_word' id='word_1_375' title='bbox 139 4446 173 4509; x_wconf 81' lang='grc' dir='ltr'><strong><em>δὲ</em></strong></span> <span class='ocrx_word' id='word_1_376' title='bbox 191 4446 252 4529; x_wconf 78' lang='grc' dir='ltr'><strong><em>μὴ,</em></strong></span> <span class='ocrx_word' id='word_1_377' title='bbox 276 4444 391 4529; x_wconf 81' lang='grc' dir='ltr'><strong><em>ἡμεῖς]</em></strong></span> <span class='ocrx_word' id='word_1_378' title='bbox 416 4483 455 4493; x_wconf 71' lang='lat'>—</span> <span class='ocrx_word' id='word_1_379' title='bbox 478 4445 591 4526; x_wconf 84' lang='grc' dir='ltr'><strong><em>ταύτης</em></strong></span> <span class='ocrx_word' id='word_1_380' title='bbox 614 4445 865 4527; x_wconf 81' lang='grc' dir='ltr'><em>ἀποψιλώσομεν</em></span> <span class='ocrx_word' id='word_1_381' title='bbox 885 4445 942 4515; x_wconf 87' lang='grc' dir='ltr'><strong><em>τὸν</em></strong></span> <span class='ocrx_word' id='word_1_382' title='bbox 964 4451 1082 4531; x_wconf 86' lang='grc' dir='ltr'><strong><em>χοῖρον.</em></strong></span> 
     </span>
    </p>
   </div>
   <div class='ocr_carea' id='block_1_4' title="bbox 0 0 1614 5174">
    <p class='ocr_par' dir='ltr' id='par_1_24' title="bbox 0 0 1614 5174">
     <span class='ocr_line' id='line_1_45' title="bbox 0 0 1614 5174; baseline 0 0"><span class='ocrx_word' id='word_1_383' title='bbox 0 0 1614 5174; x_wconf 95' lang='lat' dir='ltr'><strong><em> </em></strong></span> 
     </span>
    </p>
   </div>
  </div>
 </body>
</html>
