3210 5174
753 311 855 354 υεοει
1376 295 1417 356 31

284 469 356 531 193.
385 469 469 538 οὔτις
497 469 576 532 ἐστίν
604 469 640 539 ὅς
672 493 718 531 νιν
751 469 944 551 ἐξαιρήσεται
973 471 1053 552 conj.
1077 469 1187 533 Elmsl.
1231 472 1301 535 Non
1326 472 1417 535 male.

193 556 251 633 Qu.
276 559 314 620 οὔ
338 582 385 620 νιν
409 558 489 620 ἐστὶν
512 558 594 628 ὅστις
622 559 822 640 ἐξαιρήσεται.
864 559 923 621 vel
948 561 1030 628 οὔτις
1059 560 1123 622 ἐστί
1142 559 1177 641 μ’
1202 560 1237 630 ὅς
1266 584 1312 623 νιν
1335 562 1417 634 ἐξαι-

192 650 325 729 ρήσεται.
370 646 413 710 01.
439 646 514 710 Her.
540 649 612 710 916.
635 654 746 711 τοῦτον
770 648 808 720 θ’,
832 648 958 730 ἐπείπερ
981 655 1088 730 χεῖρας
1116 648 1214 730 ἦλθεν
1241 651 1284 719 είς
1312 650 1415 737 ἐμάς,]

192 739 252 799 αιἰκ
276 738 337 800 ἐστι
360 737 489 819 θνητῶν
512 737 595 806 ὅστις
617 737 817 819 ἐξαιρήσεται.
857 737 942 800 Infra
962 739 1053 800 1336.
1076 739 1136 800 οὐκ
1159 740 1240 801 ἔστιν
1256 741 1320 821 ἥτις
1335 741 1417 803 τοῦτ’

192 829 296 888 ἀν-
321 826 390 908 ἔτλη
414 826 503 888 ποθ’.
527 826 574 889 ΕΙ.
597 827 669 888 903.
694 827 754 889 οὐκ
778 828 858 889 ἔστιν
882 826 985 896 οὐάεὶς
1009 827 1090 897 ὅστις
1113 829 1152 889 ἂν
1175 830 1336 910 μέμψαιτό
1360 854 1417 893 σοι.

192 916 260 998 Iph.
283 917 322 978 A.
348 916 420 978 972.
445 917 477 978 εἴ
493 915 537 985 τίς
558 940 600 996 με
622 916 678 998 τήν
701 915 760 997 σήν
784 915 932 996 θυγατέρ’
956 917 1156 998 ἐξαιρήσεται.
1182 917 1256 980 Eur.
1278 917 1326 980 Fr.
1345 919 1417 981 660.

193 1004 297 1075 οὐθεὶς
321 1004 381 1086 γὰρ
397 1005 482 1086 ἡμᾶς
497 1004 617 1088 (αὐτὸν)
642 1006 842 1087 ἐξαιρήσεται.
867 1006 936 1068 Alc.
953 1008 1026 1068 848.
1051 1006 1111 1068 οὐκ
1129 1008 1209 1070 ἐστιν
1225 1008 1307 1077 ὅστις
1322 1007 1418 1071 αὐτὸν

192 1095 392 1176 ἐξαιρήσεται.
416 1093 494 1157 Heo.
519 1094 592 1155 296.
616 1095 713 1157 Arist.
736 1095 789 1157 Th.
816 1096 887 1156 761.
1190 1104 1193 1110 '

282 1183 355 1246 800.
379 1181 596 1265 ἐξελίμπανον]
621 1184 668 1247 01.
691 1183 739 1246 ΕΙ.
765 1185 837 1245 909.
861 1184 1075 1266 ἐξελίμπανον.

282 1273 354 1335 804.
378 1279 433 1355 τῆς
455 1272 620 1356 νεοζύγου]
645 1271 704 1347 Qu.
727 1279 782 1355 τῆς
805 1272 961 1354 νεόζυγος.
1001 1273 1045 1337 01.
1073 1274 1118 1337 Fr.
1136 1277 1209 1357 821,
1227 1277 1254 1337 3.
1279 1277 1325 1346 ὡς
1348 1276 1416 1339 νεό-

192 1364 271 1442 ζυγα
299 1362 418 1424 πῶλον.
448 1363 521 1442 181,
544 1363 594 1424 20.
622 1370 668 1444 τῷ
699 1387 731 1425 τε
758 1363 881 1444 νεόζυγι
914 1371 962 1445 σῷ
989 1363 1098 1445 πώλῳ.
1146 1367 1213 1428 Aut
1239 1368 1416 1447 νεοξυγοῦς.

193 1451 297 1514 Prom.
325 1452 417 1514 1000.
442 1452 488 1521 ὡς
510 1452 663 1534 νεοζυγὴς
686 1453 846 1533 (νέοζυγος
869 1458 924 1514 ant
946 1451 1058 1526 νεόξυξ
1080 1456 1157 1533 τιςθ)
1180 1455 1296 1525 πῶλος.

281 1542 354 1602 805.
378 1541 537 1625 τεκνώσει]
561 1543 709 1604 τεκνώσει
732 1540 847 1623 σπέρμ’
871 1541 903 1604 F.
922 1541 971 1604 W.
990 1541 1142 1606 Schmidt.
1218 1543 1315 1617 παῖδ’,
1339 1544 1416 1628 ἐπεὶ]

192 1627 250 1705 Qu.
274 1630 404 1702 παῖθας,
428 1630 487 1703 ῶς,
512 1631 561 1692 vel
584 1630 675 1703 τέκν’,
700 1631 772 1693 ἐπεί.

282 1738 355 1800 807.
379 1737 517 1821 φαύλην]
551 1737 639 1801 Alibi
671 1736 861 1800 femininum
895 1743 943 1800 est
974 1739 1110 1820 φαῦλος,
1143 1740 1237 1823 Hipp.
1262 1743 1335 1803 435.
1360 1747 1416 1804 stc.

236 1827 363 1909 φαύλην
385 1826 539 1910 κάσθενῆ]
565 1826 608 1890 01.
633 1825 724 1890 Dion.
750 1826 859 1908 Chrys.
878 1826 966 1890 XVI.
983 1830 1047 1889 462
1064 1827 1100 1890 R.
1124 1830 1186 1891 ἔστι
1210 1830 1244 1891 δὲ
1260 1831 1417 1900 ἀσθενοῦς

192 1923 284 1979 τοῦτο
307 1917 361 1978 καλ
384 1917 510 1999 φαύλου
534 1918 690 1998 σώματος.
716 1916 789 1979 ΧΠ.
815 1918 887 1980 370.
910 1923 965 1999 τῆς
988 1917 1185 2000 φαυλότητος
1207 1919 1260 1981 καὶ
1283 1925 1338 2001 τῆς
1360 1919 1415 1981 ἀσ-

191 2007 323 2076 θενείας.
349 2005 441 2068 Babr.
465 2004 608 2087 10185,
628 2006 676 2068 19.
700 2006 734 2069 τὸ
759 2006 794 2069 δὲ
817 2007 983 2080 στασιάζον
1007 2007 1139 2077 ἀσθενές
1162 2031 1194 2070 τε
1216 2008 1269 2070 καὶ
1292 2008 1417 2090 φαῦλον

191 2095 320 2173 (δοῦλον
343 2095 446 2178 vulg).

281 2203 355 2265 808.
379 2202 457 2265 ἀλλὰ
481 2203 619 2284 θατέρου
642 2202 775 2286 τρόπου]
800 2203 844 2266 01.
869 2202 965 2266 Arist.
991 2200 1051 2265 AV.¹
1076 2205 1147 2266 109.
1175 2209 1249 2286 μῶν
1272 2205 1416 2287 ἡλιαστά·

191 2291 224 2353 Ε
229 2291 263 2353 Y.
286 2291 390 2373 μάλλά
414 2293 552 2374 θατέρου
575 2292 709 2372 τρόπον,
731 2293 735 2373 ]
756 2293 938 2374 ἀπηλιαστά.
963 2292 1038 2354 Eur.
1063 2293 1109 2355 ΕΙ.
1136 2295 1207 2357 949.
1232 2296 1277 2375 εἴη
1302 2293 1414 2380 πόσις]

190 2381 246 2491 μή
269 2381 501 2463 παρθενωπός,
536 2381 614 2443 ἀλλά
651 2382 814 2464 τάνδρείου
848 2383 977 2463 τρόπου.
1019 2381 1099 2466 Eup.
1123 2382 1164 2446 Π.
1189 2385 1261 2446 477.
1294 2385 1416 2465 τούμοῦ

190 2495 353 2622 τρ0718111.
378 2559 422 2623 01.
448 2561 520 2622 685.
543 2560 645 2642 τούτῳ
668 2561 748 2623 θεοῦ
770 2560 933 2642 μάντευμα
957 2566 1110 2624 κοινῶσαι
1133 2562 1229 2625 θέλω.

281 2651 354 2711 814.
379 2650 428 2712 σοὶ
452 2650 487 2712 δὲ
511 2649 570 2733 —l
599 2648 657 2724 Qu.
686 2650 721 2712 σὲ
749 2650 784 2713 δέ
812 2675 846 2731 γε
870 2690 925 2710 -.
966 2649 1011 2714 Cf.
1043 2652 1127 2713 1236
1145 2671 1189 2734 sq.
1230 2649 1290 2714 Sed
1314 2653 1351 2715 cf.
1376 2652 1416 2715 ad

190 2759 280 2822 prox.
306 2759 332 2799 v.
357 2738 449 2802 etad
475 2739 589 2802 Aeseh.
613 2741 672 2821 Ag.
699 2739 792 2801 1611.

281 2847 353 2908 815.
377 2844 579 2929 πάσχουσαν]
609 2846 653 2910 01.
685 2848 777 2909 1238.
807 2847 924 2930 σχολὴν
951 2848 1100 2929 ἀγουσαν.
1140 2844 1198 2921 Qu.
1231 2849 1415 2930 πάσχουσιν,

193 2936 281 3017 quasi
307 2937 529 3018 praecessisset
551 2937 635 3018 ἡμῖν,
663 2937 726 2999 nisi
750 2936 899 2999 vitiosum
924 2943 971 3000 est
994 2939 1050 3000 σοί.
1091 2937 1150 3000 Vel
1173 2937 1241 2999 τάδ’
1264 2938 1352 3009 ἐστὶν,
1377 2939 1416 3000 οὐ

190 3023 409 3177 τετάογειςΕΙγὰρ
429 3024 484 3178 9ῶς
512 3026 576 3106 ἐγὼ
599 3029 719 3095 κακῶς.
759 3026 803 3089 01.
828 3026 867 3088 ad
891 3027 1005 3090 Aesch.
1030 3029 1088 3110 Ag.
1116 3028 1209 3088 1612.
1242 3027 1317 3090 Cho.
1342 3027 1415 3089 408.

214 3133 285 3197 ορ.
350 3165 356 3176 .
406 3117 456 3177 1.

280 3222 353 3284 819.
387 3222 459 3306 ἴτω]
493 3222 536 3286 01.
562 3223 634 3285 090.
670 3223 741 3284 798.
774 3221 849 3285 Her.
874 3223 947 3284 456.
981 3223 1032 3286 Or.
1059 3224 1130 3285 192.
1163 3223 1227 3284 τόθ’
1261 3220 1319 3285 οὖν
1351 3225 1415 3285 ἴτω.

236 3311 294 3373 οὖν
316 3312 407 3393 μέσῳ
435 3310 538 3394 λόγοι]
567 3311 612 3375 01.
641 3311 711 3374 Hel.
737 3311 809 3372 636.
837 3311 975 3381 πολλοὺς
1003 3313 1036 3375 ἐν
1062 3314 1153 3393 μέση)
1180 3311 1295 3392 λόγους
1323 3313 1414 3394 ἔχων.

192 3400 264 3462 950.
290 3399 341 3463 Or.
361 3400 411 3461 16.
433 3400 488 3470 τὰς
511 3400 571 3482 γάρ
596 3401 629 3463 ἐν
651 3402 742 3482 μέσῳ
766 3405 845 3481 σιγῶ
861 3401 965 3482 τύχας.
986 3399 1077 3484 Soph.
1095 3401 1142 3463 111.
1156 3401 1249 3462 1364.
1266 3400 1339 3471 τοὺς
1355 3401 1415 3483 γὰρ

190 3490 224 3552 ἐν
246 3490 336 3571 μέσῳ
359 3489 473 3570 λόγους
496 3494 553 3553 etc.

280 3598 353 3659 822.
377 3596 469 3678 λέξῃς
493 3597 527 3658 δέ
545 3596 647 3679 μηθέν
664 3597 771 3660 Elmsl.
810 3597 914 3661 Recte.
954 3597 998 3660 01.
1016 3597 1108 3680 Soph.
1129 3599 1202 3659 Ant.
1220 3599 1271 3659 84.
1287 3621 1414 3680 προμη·

190 3686 288 3768 νάσης
311 3723 352 3730 -
376 3691 468 3748 τοῦτο
490 3686 603 3768 μηθενὶ
626 3688 768 3768 τοῦργον.

280 3776 352 3837 824.
372 3774 569 3857 Ἐρεχθεΐόαι
592 3775 701 3839 Elmsl.
726 3778 759 3838 in
784 3774 891 3851 Quart.
914 3776 990 3839 Rev.
1015 3774 1103 3838 XIV.
1128 3778 1202 3838 457.

280 3865 352 3927 826.
377 3865 565 3946 ἀπορθήτου
588 3864 626 3947 τ’]
651 3866 840 3949 ἀπορθήτοι’
864 3868 943 3948 conj.
967 3865 1074 3928 Elmsl.
1114 3865 1158 3929 01.
1183 3865 1222 3928 ad
1247 3865 1323 3929 Hec.
1340 3867 1414 3929 461.

189 3953 398 4034 καλλιὸίφροι’
422 3956 478 4035 (Sic
502 3954 605 4034 Pom).

279 4045 352 4106 828.
375 4044 573 4106 κλεινοτάταν
597 4043 723 4127 σοφίαν]
749 4045 793 4107 01.
818 4043 1012 4108 Α1131Νο1).
1032 4045 1124 4107 1024.
1149 4042 1178 4107 ῶ
1202 4045 1414 4127 καλλίπυργον

190 4133 305 4214 σοφίαν
327 4133 525 4215 κλεινοτάτην
548 4133 707 4196 ἐπασκῶν.

279 4224 352 4284 835.
375 4221 414 4305 τ’]
438 4222 547 4285 Malim
573 4223 610 4285 θ’.
701 4224 870 4286 καλλινάου
901 4261 940 4271 -
969 4222 1151 4306 Κηφισσοῡ]
1181 4223 1223 4286 01.
1249 4224 1316 4287 Alo.
1342 4225 1413 4287 589.

188 4311 276 4392 παρὰ
300 4311 468 4374 καλλίναον
490 4311 623 4394 Βοιβίαν
646 4313 766 4393 λίμναν.

279 4402 352 4463 836.
375 4400 432 4463 τάν
454 4400 581 4484 Κύπριν
604 4402 773 4485 κλήζουσιν
798 4402 851 4486 -]
876 4402 922 4466 01.
946 4404 1042 4466 Arist.
1066 4402 1138 4484 LyS.
1164 4403 1225 4466 551
1244 4423 1289 4486 sq.
