3210 5174
659 385 816 431 surrmcrs
1285 366 1348 428 139

214 548 288 609 454.
313 545 437 627 όάκραα
467 546 495 609 δ’
524 544 738 628 ἑτοιμάζουσι]
772 546 896 627 όάκρυα
930 544 965 608 όὲ
997 551 1061 614 τοῖς
1089 544 1210 607 διδοῦσι
1238 542 1347 607 Elmsl.

127 635 251 716 δάκρυα
280 635 315 699 όὲ
342 641 405 705 τοῖς
433 637 571 709 σώζουσι
599 635 712 698 Blomf.
751 635 832 698 Fort.
857 635 982 715 δάκρυά
1011 636 1038 715 γ’
1067 670 1119 694 -.
1164 634 1288 714 δάκρυα
1314 633 1348 696 δέ

124 731 188 795 τοῖς
211 731 334 787 τεκοῦσι
353 724 464 787 11111111.
484 723 607 786 Wilam.
633 725 757 806 ὂόκρυα
783 724 811 787 δ’
835 726 943 805 ἑτοῖμα
967 725 1071 785 σοῦστι
1094 723 1219 786 11111110.
1301 723 1347 804 μὴ

125 815 213 896 ζῴην
241 813 294 897 ἔτι]
322 814 367 896 μὴ
397 813 485 895 ζῴην
513 814 577 895 ἐγὼ
604 813 694 877 Hart.
719 813 845 876 Wilam.
885 815 929 876 At
951 812 987 875 cf.
1012 811 1064 875 Or.
1091 812 1185 874 1116.
1213 811 1258 893 μὴ
1288 811 1348 893 γὰρ

126 901 183 966 οὖν
207 903 295 985 ζῴην
318 904 372 973 ἔτι,
393 903 398 984 ]
419 904 448 965 εἶ
466 902 512 984 μὴ
537 941 592 963 -.
615 902 714 966 Arist.
737 902 820 966 Nub.
847 903 940 964 1255.
963 903 1074 983 μηκέτι
1097 902 1185 983 ζῴιγν
1208 902 1281 983 ἐγώ.

214 993 287 1054 455.
312 992 513 1075 ναμφεύεται]
549 991 660 1055 Malim
691 993 909 1074 νυμφεύσεται.
952 991 993 1053 Et
1025 992 1071 1054 sic
1102 988 1210 1052 Elmsl.
1238 988 1348 1054 Herm.

124 1080 230 1144 Recte.
270 1081 315 1144 01.
333 1079 384 1144 Or.
404 1082 497 1143 1152.
520 1081 565 1164 μὴ
591 1081 651 1164 γὰρ
676 1079 733 1144 οὖν
757 1082 845 1163 ζῴην
868 1082 923 1153 ἔτι,
944 1079 949 1161 1
970 1081 998 1143 εἰ
1018 1079 1063 1162 μὴ
1090 1079 1132 1141 ’πλ
1155 1079 1240 1161 κείνῃ
1265 1079 1347 1160 φάσ-

126 1193 223 1250 γανον
246 1171 378 1233 σπάσω
403 1172 501 1253 ξίφος.
974 1205 976 1210 .

216 1261 289 1322 456.
312 1260 394 1341 πρὸς
416 1258 497 1343 τάδ’]
521 1260 590 1324 11110
613 1259 695 1341 πρὸς
717 1259 753 1322 τὰ
778 1259 806 1323 σ’
830 1260 900 1340 (σά).
991 1256 1186 1340 ἐξηκόντισα]
1211 1255 1255 1319 01
1278 1255 1347 1319 Tro.

128 1350 199 1411 144.
234 1350 264 1411 τί
297 1349 371 1418 τοὺς
398 1347 581 1419 Ὀδυσσέως
610 1350 801 1422 ἐξακοντίζω
837 1349 974 1423 πόνους,
1010 1347 1098 1430 Trag.
1128 1347 1245 1429 Adesp.
1273 1349 1347 1408 442.

125 1438 257 1521 αἰσχρόν
280 1439 308 1520 γ’
333 1439 407 1502 ὅταν
430 1462 474 1508 τις
498 1475 538 1486 -
564 1438 689 1520 γλώσσῃ
713 1439 867 1520 ματαίους
890 1437 1071 1518 ἐξακοντίσγγ
1096 1436 1218 1517 λόγους.

213 1529 286 1590 458.
313 1530 448 1609 ’πεμφεν
470 1526 571 1609 πόλις]
596 1527 654 1603 Qu.
680 1526 791 1608 ’πεμφ’
815 1528 835 1609 ἡ
858 1527 956 1596 πόλις.

213 1617 287 1680 463.
312 1617 393 1699 01οῴ
415 1615 535 1700 καλῶς]
559 1617 582 1679 Ι.
600 1636 627 1698 q.
653 1616 733 1698 (11οῷ
756 1615 791 1679 εὖ
816 1614 861 1696 (ed
886 1615 985 1697 διδῶ).

214 1706 287 1768 466.
311 1707 382 1787 ἐμοὶ
406 1706 440 1769 δέ
455 1705 570 1789 τάντία]
591 1705 661 1786 ἐμοὶ
678 1706 712 1768 d&
727 1705 883 1786 τᾶμπαλιν
899 1707 989 1787 (conj.
1009 1702 1142 1781 Nauck.)
1159 1708 1214 1766 aut
1228 1704 1347 1784 θάτερα

125 1793 174 1857 W.
198 1794 363 1858 Headlam.
401 1796 472 1875 ἐμοὶ
506 1794 534 1857 δ’
563 1795 683 1857 ἐναντία
712 1793 826 1858 Heath.
856 1793 966 1857 Markl.
991 1799 1046 1856 etc.
1083 1793 1154 1875 ἐμαί
1182 1792 1217 1855 δὲ
1244 1793 1347 1855 τάντία

126 1883 233 1947 Herm.
257 1883 344 1947 Pors.
384 1885 442 1961 QU.
466 1884 536 1966 έμοὶ
560 1883 588 1946 δ’
613 1885 747 1955 ἐναντία,
777 1883 826 1946 vel
851 1883 921 1965 ἐμοὶ
945 1882 980 1945 δὲ
1002 1883 1119 1953 τάντία,
1144 1881 1195 1944 vel
1218 1882 1289 1963 ἐμοὶ
1313 1882 1348 1944 ι1έ

125 1972 153 2054 γ’
177 1972 218 2035 αὗ
241 1973 322 2036 τάδε.
362 1971 405 2035 01.
422 1973 490 2036 Alc.
508 1974 581 2035 529.
605 1972 643 2036 σὺ
667 1974 740 2055 τῇόε
760 1974 887 2053 κρίνεις,
907 1970 1086 2053 Ἡράκλεις,
1110 1971 1196 2052 κείνῃ
1222 1969 1250 2033 δ’
1274 1971 1346 2051 ἐγώ.

126 2062 177 2125 01.
203 2063 276 2124 915.
299 2063 384 2142 ἔλεγε
406 2062 483 2143 τῷδ’
507 2063 636 2125 ἐναντία.
661 2061 743 2126 Med.
763 2062 856 2124 1351.
880 2060 979 2124 Even.
1004 2059 1156 2144 11118105.
1181 2059 1347 2124 86111180.

125 2149 218 2234 Soph.
241 2153 290 2233 Aj.
317 2152 410 2213 1039.

214 2241 287 2302 468.
311 2239 466 2324 παριέναι]
491 2240 528 2302 V.
552 2240 661 2303 Elmsl.
685 2240 724 2303 ad
747 2240 822 2303 Her.
849 2240 920 2302 154.

214 2330 286 2391 469.
311 2331 339 2393 εἰ
360 2329 389 2391 d'
413 2331 492 2392 ἔστιν
520 2330 552 2392 ἐν
580 2328 628 2413 τῇ]
657 2331 686 2392 εί
711 2329 740 2392 δ’
768 2331 829 2392 ἔστι
855 2328 930 2411 τῇδε
953 2326 1080 2392 Faehse.
1113 2328 1147 2391 έν
1175 2334 1215 2410 γῇ
1242 2327 1346 2391 Reisk.

124 2418 235 2481 Madd.
259 2416 367 2481 Elmsl.
392 2418 512 2482 Weckl.
550 2418 633 2482 Fort.
657 2420 685 2480 εἰ
707 2418 735 2481 δ’
759 2420 821 2481 ἔστι
843 2418 924 2500 τῇδε.

214 2509 287 2570 471.
310 2507 397 2590 τῆσό’
422 2506 606 2590 ἐξελαύνειν]
635 2507 724 2571 Haec
750 2527 786 2571 se
808 2526 873 2570 non
895 2506 1074 2589 intelligere
1096 2508 1211 2570 fatetur
1237 2504 1347 2571 Elmsl.

123 2596 217 2660 Tacet
241 2596 279 2661 de
302 2598 341 2659 iis
365 2596 540 2659 Markland.

213 2687 286 2748 472.
310 2685 501 2768 προσήκοντ’
526 2683 631 2768 οὐδὲν]
656 2685 700 2750 01.
724 2684 791 2749 Ion.
808 2687 881 2748 434.
922 2684 1032 2748 Malim
1054 2692 1221 2768 προσῆκον
1244 2686 1347 2749 οὐδέν.

213 2775 287 2838 478.
311 2774 481 2856 σφριγῶντ’
505 2776 541 2837 ἐκ
564 2774 758 2857 βραχιόνων]
789 2773 833 2838 01.
857 2773 1020 2857 Hermipp.
1044 2773 1084 2837 II.
1108 2776 1182 2837 492.
1206 2775 1292 2857 κόμῃ
1315 2799 1347 2838 τε

123 2870 252 2946 νεανικῇ
272 2863 276 2946 ]
297 2867 419 2946 σφρίγει
442 2887 474 2927 τε
496 2864 686 2946 βραχιόνων.
709 2864 805 2927 Arist.
821 2862 905 2927 Nub.
924 2864 995 2927 799.
1019 2865 1198 2946 εὐσωματεῖ
1217 2863 1348 2946 γὰρκαὶ

124 2961 249 3035 σφριγᾷ.
283 2953 355 3036 Lys.
385 2954 435 3017 89.
465 2953 511 3023 ῶς
540 2953 568 3016 d'
596 2955 750 3035 εὐχροεῖς,
785 2952 832 3022 ὡς
864 2952 899 3016 δὲ
931 2961 1050 3035 σφριγᾷ
1080 2953 1116 3016 τὸ
1149 2954 1243 3035 σῶμό
1279 2976 1346 3015 σου.

168 3041 338 3125 σφριγῶντ’
371 3079 413 3090 -
446 3041 570 3125 μῦθον]
603 3041 685 3105 Fort.
713 3047 895 3123 σφριγῶντα
924 3078 965 3088 -
993 3043 1110 3123 θυμόν.
1158 3040 1201 3104 01.
1232 3042 1346 3106 Aesch.

124 3131 228 3195 Prom.
240 3133 313 3195 380.
329 3132 385 3194 ἐάν
399 3156 443 3201 τις
460 3168 501 3177 -
518 3132 571 3194 καὶ
586 3132 631 3213 μὴ
650 3132 821 3213 σφοὸῶντα
838 3134 1030 3212 (σφριγῶντα
1038 3133 1065 3209 Ρ]
1080 3129 1189 3213 θυμὸν
1204 3131 1345 3212 ἰσχναίνῃ

123 3221 184 3302 βίᾳ.
218 3221 304 3284 Gom.
329 3240 422 3284 anon.
446 3220 501 3284 IV.
527 3221 599 3282 054.
627 3225 691 3282 τῶν
719 3221 927 3302 σφριγῶντων
955 3220 989 3282 ἐν
1015 3220 1128 3301 λόγοις.
1160 3219 1274 3283 Incert.
1299 3238 1346 3302 ap.

124 3309 219 3372 schol.
242 3308 323 3374 Ven.
348 3310 387 3372 ad
410 3310 446 3372 11.
474 3311 501 3389 l,
518 3310 591 3372 207.
620 3315 800 3391 σφριγῶντα
828 3309 937 3391 θυμὸν
964 3308 1109 3390 μαλακὸς
1136 3310 1217 3370 ἰᾶται
1244 3308 1346 3389 λόγος.

168 3399 203 3461 ἐκ
226 3398 420 3483 βραχιόνων]
438 3399 471 3461 έν
485 3400 601 3481 βραχεῖ
612 3398 699 3479 λόγῳ
715 3397 803 3461 Η1111.
828 3401 847 3480 ἢ
864 3397 982 3480 τραχὺν
1001 3398 1097 3479 λόγον
1113 3402 1230 3461 temere
1246 3397 1279 3460 F.
1297 3397 1346 3460 W.

123 3485 275 3551 Schmidt.

212 3579 285 3639 482.
309 3576 359 3640 ἔθ’
375 3575 485 3660 αὑτοῦ]
502 3575 553 3659 ἐφ’
569 3578 668 3639 αὑτοῦ
685 3576 758 3655 (fiir
780 3577 886 3641 seine
903 3577 1056 3660 person)
1071 3575 1104 3640 F.
1117 3576 1167 3640 W.
1185 3574 1346 3657 Schmidt,

123 3665 192 3728 coll.
215 3665 312 3728 Thur.
329 3665 383 3728 VI.
400 3666 451 3728 40.
470 3668 498 3728 3.
523 3666 599 3748 αὐτὴ
626 3665 654 3728 δ’
679 3666 729 3747 ἐφ’
752 3667 864 3749 ἑαυτῆς
888 3671 1053 3729 σκοποῦσα
1076 3665 1150 3737 τοὺς
1172 3665 1287 3746 λόγους
1304 3702 1344 3711 -

122 3760 225 3836 κρινεῖ.
250 3761 307 3819 etc.
353 3755 425 3818 Non
449 3756 612 3818 assentior.

211 3845 284 3906 484.
308 3844 385 3925 παρ’
410 3843 512 3928 ὄμμα]
538 3841 596 3919 Qu.
613 3843 681 3906 κατ’
697 3846 801 3927 ὄμμα,
826 3845 910 3908 utin
926 3845 1025 3907 Andr.
1044 3844 1138 3908 1040.
1161 3845 1255 3909 RheS.
1272 3845 1346 3906 418.

212 3935 285 3995 487.
309 3934 362 3996 nod
386 3934 422 3995 τὰ
446 3933 565 4016 χρηστὰ
589 3933 643 3996 καί
665 3933 762 4017 κακὰ]
787 3936 916 4015 θατέρῳ
940 3934 975 3997 όὲ
998 3935 1155 4016 χρώμεθα
1180 3933 1345 4015 Gomperz.

122 4021 176 4084 καὶ
202 4021 239 4084 τὰ
266 4021 385 4104 χρηστὰ
414 4023 467 4085 καί
495 4023 576 4085 καλὰ
603 4021 708 4086 Reisk.
752 4022 835 4105 Lege
863 4024 916 4086 καί
942 4022 979 4085 τὰ
1007 4023 1126 4105 χρηστὰ
1154 4023 1208 4085 καὶ
1235 4021 1271 4084 τὰ
1299 4022 1344 4104 μὴ

123 4115 189 4193 (pro
213 4113 317 4191 κακά).
357 4112 521 4175 Glossema
545 4118 593 4175 est
615 4112 699 4174 κακὰ
724 4112 763 4175 ad
786 4112 823 4174 τὰ
846 4113 891 4194 μὴ
916 4113 1117 4195 adscriptum.

211 4201 285 4262 490.
308 4200 455 4263 Ποιναῖσι
472 4201 513 4283 δ’]
531 4207 676 4283 φοναῖσιν
701 4199 859 4264 0111111111.
882 4202 1023 4282 τόλμαισι
1045 4201 1073 4263 δ’
1090 4200 1122 4263 F.
1133 4198 1183 4262 W.
1194 4199 1345 4264 Schmidt.

123 4288 221 4370 γόοισι
245 4288 330 4353 Stob.
353 4289 440 4372 prob.
464 4290 588 4370 Elmsl.,
621 4292 827 4372 qdi'confert
855 4289 936 4353 Med.
961 4291 1031 4352 195.
1060 4289 1128 4352 Are.
1153 4290 1346 4352 359-354.

122 4379 180 4454 Qu.
204 4377 373 4442 Πλούτωνι
397 4378 435 4452 δ’,
459 4379 511 4442 vol
533 4381 639 4463 potius
661 4381 825 4462 πολέμοισι
850 4380 879 4443 δ’
903 4384 969 4460 (aut
990 4380 1121 4462 μύχαισι
1146 4379 1194 4461 δ’).
1276 4379 1345 4461 τέρ-

121 4469 212 4530 πεταί
231 4467 270 4552 τ’]
294 4466 368 4551 Leg.
391 4469 533 4551 τέρπεται
557 4470 594 4531 d’.
