3210 5174
185 345 249 407 470
630 363 781 407 mmcmm
806 365 835 407 m
859 363 969 407 immi

275 523 347 586 953.
368 525 403 598 ,οῖ
425 523 629 604 στρατηλάται
652 521 754 606 γένος]
778 522 911 603 εὐγενεῖς
934 522 1136 604 στρατηλάται
1148 521 1180 586 F.
1192 521 1241 584 W.
1259 520 1418 587 Schmidt

275 613 347 675 954.
375 611 478 681 Φθίας
502 611 537 675 δὲ
559 611 706 696 τοῦνομ’]
731 610 789 686 Qu.
818 610 903 674 Φύία
928 610 964 673 ύέ
986 610 1015 692 γ’
1039 610 1142 675 οὐδέν.

236 778 237 783 ¹
275 701 346 763 950.
370 702 413 771 τίς
446 701 481 764 δὲ
512 701 622 782 μάντις
646 699 721 784 -;]
754 705 817 770 πᾶς
850 699 884 764 δὲ
915 701 1025 781 μάντις
1054 736 1095 744 —-
1124 699 1156 763 F.
1178 700 1228 764 W.
1252 699 1416 785 Schmidt,

185 793 284 875 ejecto
308 812 337 853 v.
362 792 434 854 958.

274 881 346 942 957.
370 879 487 964 τυχὼν]
511 879 563 942 Ad
587 879 664 961 ὀλίγ’
688 879 795 961 ἀληθῆ
817 879 898 959 λέγει
920 878 1132 942 referendum.-

275 969 347 1032 965.
372 968 416 1032 01.
440 968 507 1052 Iph.
531 968 563 1030 Τ.
590 969 684 1031 1018.
707 968 781 1050 τῇδε
805 967 865 1049 γὰρ
888 970 997 1050 νοσεῖ]
1018 969 1128 1037 νόστος
1150 967 1232 1049 πρὸς
1256 971 1376 1040 οἴκους.

275 1059 348 1122 969.
372 1058 405 1120 ἰν
427 1059 561 1140 εὐμαρεῖ
580 1056 627 1142 τε]
663 1059 696 1120 ἐν
725 1058 858 1139 εὐμαρεῖ
879 1056 913 1120 δὲ
938 1055 1050 1120 Β101111.
1090 1057 1137 1121 01.
1160 1058 1232 1122 Hel.
1259 1060 1354 1121 1227.
1381 1059 1418 1122 ἓν

185 1149 318 1231 εὐμαρεῖ
338 1152 415 1228 γοῦν
443 1147 502 1230 σὴν
529 1148 718 1229 κασιγνήτην
741 1147 858 1210 λαθεῖν.
885 1147 978 1210 1277.
1003 1147 1037 1209 ἐν
1060 1147 1186 1229 εὐσεβεῖ
1212 1146 1304 1231 Soph.
1330 1146 1416 1211 Phil.

185 1238 258 1300 875.
282 1237 316 1300 ἒν
339 1238 373 1299 εύ
395 1261 410 1300 ε
432 1242 465 1300 εῖ.

274 1326 347 1389 970.
371 1261 438 1409 ili}
463 1327 571 1390 εἴσεται
595 1324 740 1409 σίόηρος]
766 1325 811 1388 01.
835 1324 954 1389 Phoen.
979 1327 1052 1388 253.
1079 1325 1173 1388 1677.
1268 1325 1417 1411 Φρύγας]
1480 1360 1484 1368 ·

98 1440 101 1447 ·
185 1414 243 1492 Qh.
272 1414 392 1498 Φρύγα.

275 1505 347 1567 971.
372 1504 444 1587 Leg.
468 1505 571 1587 φόνου
599 1505 719 1587 κηλῖσιν
742 1505 874 1585 αἵματος
897 1505 968 1587 (pro
992 1505 1112 1586 αἵματι)
1136 1510 1255 1587 χρανῶ.
1292 1504 1339 1568 01.
1366 1504 1417 1568 m.

187 1595 236 1657 92.
260 1593 338 1675 αλμσ
361 1594 493 1676 μηλείου
516 1594 628 1676 φόνου.

275 1684 347 1746 972.
372 1685 403 1746 εἴ
419 1684 463 1753 τίς
484 1707 526 1765 με
550 1682 604 1767 -]
634 1681 676 1745 cf.
701 1683 769 1747 Alc.
796 1684 844 1747 70.
868 1685 922 1765 βιᾳ
946 1689 1079 1765 γυναῖκα
1106 1684 1200 1766 τήνύε
1227 1684 1256 1747 σ’
1284 1684 1417 1767 ἐξαιρή-

185 1795 276 1836 σεται.
302 1769 397 1856 8ορ11.
421 1771 468 1834 ΕΙ.
497 1774 589 1835 1208.

275 1862 347 1924 973.
371 1860 460 1945 θεός]
484 1866 558 1944 φῶς
580 1860 701 1925 Vitelli.
724 1862 815 1944 φίλος
838 1862 1034 1925 Heimsoeth.

275 1951 346 2014 974.
370 1949 416 2014 Ut
438 1950 663 2034 interpolatum
687 1951 830 2015 excludit
852 1950 885 2013 F.
902 1950 951 2015 W.
975 1950 1126 2014 Schmidt.

274 2040 347 2102 977.
371 2045 442 2110 πῶς
470 2041 509 2103 ἄν
532 2040 561 2103 α’
589 2041 783 2121 ἐπαινέσαιμι
809 2039 855 2122 μὴ
883 2041 952 2103 λίαν
978 2040 1100 2124 λόγοις]
1129 2040 1173 2104 01.
1198 2042 1257 2124 Ag.
1284 2041 1349 2104 785
1369 2062 1418 2124 sq.

184 2129 280 2193 Thuc.
305 2128 361 2192 VI.
388 2129 436 2191 18.
464 2130 489 2190 1.
513 2131 542 2191 τί
562 2131 601 2192 ἂν
624 2131 764 2210 λέγοντες
788 2167 828 2175 -
853 2129 898 2212 μὴ
921 2130 1116 2212 βοηύοϊμεν,·
1139 2128 1222 2194 Xen.
1239 2129 1334 2193 Mem.
1356 2130 1419 2195 ΙΙΙ.

188 2220 215 2281 1.
242 2219 290 2282 10.
315 2218 393 2282 Plat.
418 2217 498 2281 Crat.
523 2217 642 2282 4291).
665 2223 737 2289 πῶς
759 2221 799 2281 ἂν
820 2219 866 2301 μη
890 2218 925 2282 τὸ
949 2221 986 2281 ὂν
1008 2220 1108 2299 0702,-

274 2309 346 2371 979.
371 2308 552 2389 αἰνούμενοι
575 2307 636 2389 γὰρ
660 2346 702 2353 -
726 2307 818 2391 ἄγαν]
844 2307 888 2372 Cf.
912 2308 952 2370 ad
977 2307 1027 2372 Or.
1055 2309 1148 2371 1102.
1172 2308 1248 2372 Her.
1273 2308 1351 2372 204.

275 2397 347 2460 981.
370 2396 608 2481 παραφέρουά]
632 2397 738 2460 Malim
762 2398 989 2480 προσφέρουά.
1028 2396 1075 2460 Ita
1094 2399 1189 2461 etiam
1204 2397 1418 2463 Herwerden.

275 2487 347 2549 984.
371 2485 517 2568 ὠφελεῖν]
542 2486 600 2562 Qu.
625 2487 770 2568 ὠφελῶν.
818 2488 862 2550 Cf.
890 2488 983 2549 1008.

275 2576 338 2638 993
355 2595 400 2656 sq.
424 2574 473 2637 Ita
496 2574 666 2640 Elmsleius
690 2575 729 2638 ad
753 2575 827 2639 Her.
852 2578 918 2654 44,
950 2577 979 2639 εἰ
1004 2575 1039 2639 ὀὲ
1062 2576 1111 2638 σοὶ
1144 2576 1244 2649 δοκεῖ,
1270 2575 1275 2660 Ι
1302 2578 1419 2651 ἔξεισιν

185 2664 295 2734 αι’ύοῦς
324 2663 403 2746 ὄμμ’
431 2664 537 2747 ἔχουσ’
566 2665 742 2746 ἐλεύθερον.
769 2665 773 2748 ]
799 2666 828 2728 εἰ
854 2664 883 2727 ύ’
912 2667 931 2747 ἡ
960 2670 1109 2746 παροῦσα
1137 2665 1232 2729 ταυτὰ
1259 2668 1419 2749 τεύξομαι

186 2754 288 2826 σε’ύεν,
309 2755 314 2836 Ι
333 2755 454 2835 μενέτω
478 2757 546 2817 κατ’
569 2756 690 2824 οἴκους·
715 2754 813 2835 σεμνὰ
838 2753 898 2836 γὰρ
922 2755 1110 2836 σεμνύνεται.
1132 2757 1136 2838 Ι
1157 2755 1240 2838 ὁμοῦ
1264 2756 1310 2828 θ’,
1335 2757 1418 2822 ὅσον

186 2866 220 2923 γε
244 2842 387 2916 δυνατὸν,
411 2842 567 2905 αἰδεῖσθαι
590 2845 703 2925 χρεών.

275 2932 346 2995 993.
371 2932 609 3016 ἀπαρθένευτα]
635 2931 694 3007 Qu.
717 2932 872 3013 ἀπάρύεν’
896 2934 965 2995 ἔστί.

275 3023 347 3084 994.
373 3021 412 3084 δι’
436 3022 546 3091 αἰύοῦς
563 3020 616 3105 -]
641 3022 686 3085 cf.
703 3020 815 3086 Bacch.
833 3023 906 3085 441.
932 3022 971 3084 δι’
995 3021 1105 3092 αἰδοῦς
1120 3021 1216 3086 εἰπον.
1240 3021 1319 3088 Hoc.
1338 3026 1416 3089 839.

185 3109 249 3191 ἐγὼ
273 3110 307 3174 σὲ
331 3149 373 3156 -
402 3111 441 3172 δι’
470 3113 576 3173 οἴκτου
603 3148 642 3157 -
667 3111 741 3194 ἔχω.
773 3110 869 3174 Τ1111α
894 3110 932 3172 V.
957 3112 1008 3174 29.
1036 3111 1109 3182 τοὺς
1138 3112 1416 3195 Λακεδαιμονίους

185 3199 225 3263 δι’
249 3200 347 3281 ὀργῆς
370 3201 501 3282 ἔχοντες.

275 3290 348 3352 995.
371 3291 391 3371 ἢ
414 3290 459 3371 μὴ
484 3289 661 3373 παρούσης]
686 3289 768 3352 Fort.
792 3293 812 3372 ἢ
838 3293 866 3351 ’κ
889 3290 934 3372 μὴ
958 3291 1132 3373 παρούσης.

276 3379 369 3441 1000.
394 3377 492 3459 ἀργὸς
515 3380 563 3441 ῶν
590 3384 653 3442 τῶν
682 3378 823 3463 οἴκοθεν]
853 3378 896 3441 Cf.
921 3380 1034 3443 Aesch.
1059 3378 1142 3462 Sept.
1166 3381 1239 3442 411.
1268 3382 1415 3464 αἰσχρῶν

185 3467 246 3550 γὰρ
270 3467 368 3549 ἀργὸς
393 3503 433 3512 —-
458 3467 534 3530 εἰναι
558 3469 646 3549 φιλεῖ.
669 3468 806 3545 Theogn.
826 3470 919 3531 1177.
943 3471 1048 3549 ἔργων
1070 3469 1211 3552 αἰσχρῶν
1228 3506 1269 3515 -
1286 3470 1414 3552 άεργός.

275 3557 369 3619 1002.
393 3558 520 3627 πάντως
544 3557 579 3620 δέ
601 3557 636 3639 μ’
661 3557 719 3641 -]
745 3558 788 3621 cf.
812 3557 883 3621 Hel.
906 3559 998 3620 1393.
1022 3560 1171 3640 παροῦσά
1193 3583 1226 3622 τε
1250 3595 1292 3606 -
1315 3561 1360 3642 ἤν
1383 3586 1414 3625 τε

183 3645 229 3728 μὴ
253 3652 367 3728 παρῇς.
392 3645 499 3728 Suppl.
523 3648 596 3709 499.
620 3647 700 3710 θεοῦ
723 3647 885 3720 θέλοντος,
910 3648 949 3727 ἤν
971 3670 1003 3710 τε
1025 3647 1070 3730 μὴ
1095 3648 1183 3729 ύέλη.

276 3736 369 3798 1003.
394 3733 444 3818 ἦν]
470 3733 527 3810 Qu.
552 3734 620 3798 ἐστ’.

276 3825 369 3887 1004.
394 3825 615 3908 ἐξαπαλλάξαι]
642 3823 699 3899 Qu.
723 3831 779 3888 νῦν
803 3826 986 3899 ἀπαλλάξαι.

277 3914 369 3975 1006.
394 3914 439 3996 δὲ]
464 3915 523 3995 μὲν
547 3920 601 3976 aut
624 3916 730 3996 potius
753 3915 813 3996 γὰρ
837 3913 943 3979 HerW.
1034 3914 1247 3999 ἐγκερτομῶν]
1277 3939 1312 3979 σε
1337 3942 1412 4001 κερ-

184 4007 293 4084 τομῶν
316 4001 410 4065 Dind.
434 4002 520 4086 prob.
545 4003 649 4067 Herw.
739 4004 809 4089 μὲν]
834 4007 873 4086 ἢν
896 4004 1008 4067 Blomf.
1048 4005 1105 4080 Qu.
1131 4003 1173 4067 δέ.

277 4092 370 4155 1012.
394 4091 506 4176 κακός]
530 4093 666 4174 σκληρὸς
690 4093 722 4156 F.
741 4094 789 4155 W.
814 4093 964 4157 Schmidt.

277 4181 369 4243 1013.
393 4181 518 4264 λόγους]
543 4183 666 4264 φόβους
690 4183 864 4246 Wecklein.
898 4183 1009 4264 ἀγανοὶ
1036 4183 1123 4264 λόγοι
1153 4182 1187 4246 δὲ
1215 4186 1413 4250 καταπαλαί-

185 4294 274 4333 ουσιν
297 4270 412 4351 λόγους
435 4269 466 4331 F.
486 4270 533 4333 W.
559 4272 709 4335 Schmidt.

276 4360 369 4423 1016.
394 4360 569 4443 ἀντιβαίνῃ]
595 4362 638 4424 cf.
664 4360 755 4444 Soph.
781 4361 826 4423 ΕΙ.
852 4363 924 4424 575.
953 4361 1095 4444 βιασθεὶς
1122 4361 1223 4426 πολλὰ
1251 4362 1414 4448 κάντιβάς.

184 4447 302 4514 Herod.
328 4448 381 4511 VI.
407 4450 456 4511 73.
