3210 5174
511 1007 959 1093 PRAEFATIO.

212 1343 345 1433 Plprimi
379 1343 454 1405 anni
488 1348 564 1407 sunt
594 1361 636 1406 ex
669 1363 731 1425 quo
764 1344 820 1407 has
853 1343 1089 1409 observationes
1120 1343 1153 1406 in
1183 1340 1345 1424 Euripidis
1415 1398 1419 1405 .

121 1450 245 1515 fabulas
268 1448 407 1514 scribere
435 1455 466 1514 et
493 1450 640 1535 colligere
664 1453 761 1535 coepi.
809 1450 847 1515 ln
870 1452 924 1535 iis,
957 1458 992 1515 ut
1023 1451 1123 1529 soleo,
1155 1454 1278 1514 textum
1311 1449 1345 1510 in

122 1559 269 1644 plurimis
293 1558 368 1622 locis
392 1563 575 1642 corruptum
592 1560 761 1623 emendare
777 1559 886 1623 studui
902 1560 1070 1623 collatione
1093 1559 1235 1622 locorum
1258 1556 1346 1618 simi-

125 1668 202 1730 lium
235 1666 335 1750 ipsius
368 1667 505 1730 auctoris
537 1667 631 1749 facta,
669 1686 750 1748 quae
787 1668 945 1731 tutissima
981 1664 1174 1731 emendandi
1206 1665 1258 1727 via
1290 1668 1346 1745 est,

122 1776 244 1838 ratione
266 1773 412 1838 codicum
436 1775 746 1856 manuscriptorum
770 1774 943 1838 lectionum
967 1792 1090 1856 semper
1113 1771 1233 1854 habita,
1260 1771 1346 1834 unde

123 1888 231 1945 tamen
262 1900 375 1963 parum
408 1881 519 1943 auxilii
553 1879 762 1944 derivandum
796 1887 855 1963 est,
891 1881 1005 1964 partim
1040 1881 1114 1961 quia
1145 1880 1239 1962 pauci
1271 1884 1348 1941 suut

123 1988 248 2053 codices
272 1988 328 2070 qui
361 1993 542 2070 supersunt,
573 1989 686 2071 partim
716 1990 792 2070 quia
814 1988 1000 2072 corruptelis
1024 1987 1047 2049 ii
1070 1989 1199 2049 scatent
1245 1984 1347 2048 Valde

123 2101 228 2159 autern
254 2094 426 2159 dolendum
450 2102 497 2159 est
518 2095 644 2158 nullum
669 2096 730 2159 hec
744 2097 873 2160 nemine
897 2096 1029 2180 dignum
1054 2099 1162 2157 exiere
1184 2091 1347 2176 Euripidis
1398 2155 1406 2166 ,

123 2201 267 2268 Lexicon
295 2203 402 2285 qualia
425 2204 578 2286 Aeschyli
606 2209 637 2267 et
660 2202 823 2288 Sophoclis
846 2209 878 2266 et
901 2204 1107 2287 Tragicorum
1131 2201 1347 2266 Comieorum-

104 2316 186 2394 ¹que
210 2309 471 2394 Fragmeutorum
504 2311 664 2374 habemus.
711 2311 799 2374 Bona
832 2316 992 2393 practerea
1024 2308 1191 2390 Herodoti,
1222 2309 1347 2389 Thucy-

124 2418 222 2497 didiS,
245 2417 391 2499 Hesiodi,
416 2418 585 2481 Poetarum
602 2416 802 2499 Lyricorum,
821 2418 990 2481 Poetarum
1007 2417 1244 2499 Bucolicorum,
1272 2416 1348 2479 alio-

124 2544 259 2608 rumque
275 2525 464 2607 scriptorum
480 2523 650 2608 proborum
674 2524 792 2590 Lexioa
815 2524 1040 2589 desideramus.
1085 2524 1151 2586 Vix
1175 2525 1259 2587 eninr
1284 2523 1347 2586 dici

124 2637 228 2716 potest
251 2639 405 2714 quantum
433 2630 473 2701 ad
493 2631 627 2714 alicujus
647 2633 807 2716 scriptoris
831 2633 953 2714 antiqui
986 2631 1240 2696 emendationem
1273 2649 1347 2694 eon-

124 2740 205 2804 ferat
244 2738 388 2802 Lexicon
429 2737 577 2802 dictionis
619 2741 686 2821 ejus
727 2744 872 2803 accurate
910 2739 1098 2804 confectum.
1163 2737 1234 2802 Hoc
1279 2738 1347 2821 ipse

125 2851 274 2931 expertus
307 2847 389 2930 dico,
423 2866 523 2929 quum
556 2847 587 2909 in
622 2849 782 2912 sexcentis
814 2847 892 2912 locis
920 2866 1010 2910 veras
1038 2847 1113 2910 inde
1140 2847 1218 2909 mihi
1242 2847 1348 2929 conje-

124 2960 230 3020 cturas
262 2955 375 3019 elicere
408 2959 440 3020 et
471 2959 595 3017 textum
628 2956 789 3037 scriptoris
821 2956 986 3019 restituere
1010 2955 1186 3038 contigerit
1236 2953 1348 3036 Itaque

126 3063 331 3127 vehementer
363 3062 536 3146 optandum
572 3069 619 3126 est
656 3063 793 3144 aliquem
832 3064 885 3147 qui
919 3064 982 3126 otio
1019 3063 1137 3126 fruitur
1173 3062 1232 3125 hoc
1269 3080 1348 3143 opus

125 3174 346 3252 suscepturum
371 3189 446 3234 esse.

215 3274 300 3338 Utile
333 3281 493 3357 praeterea
525 3277 604 3340 duxi
637 3277 704 3340 fore
740 3278 767 3340 si
799 3277 884 3341 locos
923 3276 1135 3358 obscuriores,
1172 3276 1348 3339 locutiones

125 3387 156 3448 et
179 3384 430 3447 constructiones
446 3384 663 3466 notabiliores,
687 3390 719 3447 et
734 3384 887 3448 vocabula
904 3385 1022 3448 rariora
1038 3383 1192 3466 exemplis
1216 3381 1255 3445 ab
1278 3384 1347 3466 ipso

124 3496 217 3576 poeta
240 3496 294 3553 aut
316 3489 444 3554 aliunde
467 3492 573 3574 petitis
595 3491 794 3555 illustrarem.

215 3596 315 3661 Doleo
338 3616 401 3661 nou
427 3604 500 3661 ante
523 3600 608 3662 hunc
631 3617 752 3662 annum
775 3600 951 3662 innotuisse
974 3599 1053 3661 mihi
1073 3597 1236 3681 Euripidis
1259 3597 1349 3661 iabu-

126 3705 228 3767 larum
245 3705 417 3769 editionem
439 3708 581 3770 criticam
605 3707 893 3771 courmodissinram
918 3712 949 3771 et
972 3707 1186 3788 utilissimam,
1208 3706 1348 3768 nondum

73 3879 79 3889 ,
127 3818 233 3875 tamen
249 3811 288 3874 ed
304 3811 399 3876 fincm
417 3813 608 3895 perductam,
627 3832 722 3894 quam
739 3813 834 3876 hodie
850 3820 962 3877 curant
981 3810 1016 3874 R.
1033 3811 1129 3876 Prinz
1146 3812 1223 3877 etN.
1234 3813 1349 3876 Weclr-

126 3919 191 3984 lein
224 3919 316 4003 (apud
350 3919 504 3985 Teubner.
538 3921 679 4005 Lipsiae).
726 3921 764 3984 In
797 3919 913 4003 quibus
950 3921 1067 3985 fabulis
1100 3939 1136 3983 ea
1168 3940 1246 3984 usus
1278 3940 1349 3983 sum

126 4029 264 4092 fructum
286 4047 352 4091 nou
376 4031 526 4113 exiguum
553 4030 708 4093 derivavi:
734 4049 799 4092 nou
815 4029 908 4092 modo
930 4030 1014 4093 enim
1036 4027 1181 4092 codicum
1198 4028 1349 4092 lectiones

128 4136 209 4199 infra
237 4123 361 4202 textum
385 4142 531 4202 accurate
555 4136 760 4218 exhibentur,
793 4138 847 4201 sed
876 4135 1103 4220 probabiliores
1126 4136 1266 4199 virorum
1296 4136 1350 4199 do-

128 4247 247 4307 ctorum
272 4246 472 4326 conjecturae
497 4245 639 4327 undique
663 4245 811 4308 collectae
834 4245 992 4327 appositae
1016 4250 1103 4324 sunt,
1127 4244 1172 4305 ita
1195 4248 1230 4305 ut
1252 4242 1350 4306 lector

126 4351 232 4418 statim
256 4352 325 4415 sine
348 4351 411 4413 ulla
436 4352 518 4414 mole
534 4371 570 4415 ec
590 4352 696 4416 labore
713 4358 819 4416 textus
834 4351 1046 4416 conditionem
1066 4351 1187 4415 discere
1204 4356 1304 4433 queat.
