3210 5174
669 322 852 368 Ραοαπιεειιτ
1306 303 1368 366 377

240 484 333 545 1208.
356 482 429 545 τάπὶ
443 482 563 552 τούτοις
580 520 619 528 -
639 482 826 566 δρασείετον]
852 481 894 546 01.
915 484 1011 546 Arist.
1028 482 1113 547 Ecci.
1131 484 1181 545 82.
1198 482 1263 545 ἀλλ’
1280 482 1371 564 ἄγεθ’

149 573 240 642 ὅπως
263 572 316 635 καὶ
338 571 411 634 τάπὶ
433 572 553 642 τούτοις
577 572 745 654 δράσομεν.
770 572 815 635 Ρ1.
841 573 891 634 57.
915 576 934 654 ἢ
958 571 1031 634 τάπὶ
1053 573 1173 641 τούτοις
1197 572 1282 652 δρῶ;

240 662 333 724 1210.
357 660 438 724 τοῦτ’
463 663 506 731 εἰς
529 661 682 745 ὕποπτον]
707 660 766 737 Qu.
789 658 871 724 τοῦτ’
893 662 959 724 ἄλλ’
983 660 1045 740 (vel
1068 662 1155 739 ἔπος]
1178 661 1330 724 ύποπτον.

241 751 334 813 1214.
358 750 422 814 ὑπὸ
438 749 554 834 σκότῳ]
572 749 643 833 Leg.
660 750 723 814 ὑπὸ
740 751 864 814 σκότου.
903 749 949 813 01.
966 750 1004 813 ad
1022 750 1136 814 Aesch.
1152 751 1264 832 Agam.
1277 751 1370 814 1030.

240 840 333 903 1215.
357 841 439 903 κούκ
467 841 506 903 ἅν
535 864 568 921 γε
596 839 732 922 λέξαιμ’]
765 838 819 903 Sic
841 841 936 903 Arist.
961 838 1018 921 Eq.
1046 840 1138 902 1350.
1171 838 1225 901 καὶ
1256 839 1294 922 νὴ
1320 839 1370 902 Δί’

149 931 180 991 εἴ
198 953 231 1010 γε
256 930 315 993 δύο
338 929 477 1011 λεγοίτην
500 929 614 1010 ῥήτορε
637 936 693 992 etc.
721 927 850 993 Lucian.
873 928 948 992 Tox.
974 929 1024 991 30.
1048 928 1102 991 καὶ
1124 929 1156 992 εἴ
1173 952 1208 1010 γε
1229 928 1274 1011 μὴ
1299 929 1371 992 τοῦ-

148 1041 231 1100 νομα
260 1018 400 1101 ἐβόησεν,
424 1025 481 1082 etc.
521 1017 564 1082 01.
589 1018 628 1081 ad
662 1019 759 1082 Arist.
781 1018 904 1082 Thesm.
930 1018 1001 1080 709.
1051 1015 1108 1093 Qu.
1141 1017 1201 1080 οὐκ
1238 1017 1304 1080 ἄλλ’
1332 1019 1372 1081 ἂν

149 1109 264 1189 εἴποιμ’
288 1107 351 1189 (vel
374 1106 440 1170 ἀλλ’
465 1108 524 1171 οὐκ
550 1107 611 1187 -).
651 1106 712 1170 Vel
735 1107 795 1171 οὐκ
819 1107 858 1170 άν
880 1131 906 1169 τι
929 1107 1049 1188 λέξαιμ’
1075 1143 1116 1151 -
1139 1105 1249 1169 κακόν.

240 1214 333 1277 1216.
356 1218 396 1296 ἢν
426 1215 472 1296 μή
504 1239 545 1297 με
577 1214 707 1296 φεύγων
732 1212 790 1297 -]
828 1217 867 1295 ἢν
902 1215 948 1296 μή
986 1238 1020 1295 γε
1049 1250 1091 1259 -
1119 1212 1161 1276 Μ.
1185 1213 1224 1274 V.
1265 1211 1370 1279 Recte.

150 1304 191 1366 Et
218 1304 264 1367 sic
289 1305 356 1385 jam
379 1301 524 1386 Lenting.
548 1302 586 1366 ad
612 1304 710 1366 Andr.
736 1304 808 1365 240.
848 1303 892 1366 01.
915 1304 1011 1366 Arist.
1037 1303 1114 1367 Aah.
1140 1303 1212 1365 177.
1242 1303 1292 1366 δεῖ
1310 1303 1371 1385 γάρ

148 1417 189 1474 με
221 1393 367 1475 φεύγοντ’
396 1394 544 1474 ἐκφυγεῖν
572 1393 750 1475 Ἀχαρνέας.
783 1391 900 1455 Herod.
924 1391 962 1454 V.
988 1393 1037 1455 95.
1066 1393 1209 1462 Ἀλκαῖος
1241 1393 1371 1474 φεύγων

150 1483 303 1563 ἐκφεύγει.
372 1480 514 1564 φεύγων]
540 1481 612 1564 Leg.
636 1483 766 1563 φεύγων
790 1481 827 1563 γ’.

241 1572 333 1634 1223.
357 1571 412 1633 ἀπ’
436 1571 551 1652 δρύίου
575 1571 699 1641 σταθεὶς
721 1570 863 1654 πύργου]
888 1568 931 1633 01.
948 1572 987 1634 ad
1006 1571 1099 1634 1000.
1123 1570 1196 1641 στὰς
1219 1572 1254 1644 ἐξ
1276 1571 1370 1634 ἐπάλ-

149 1663 231 1732 ξεων
253 1661 372 1742 ἄκρων.

240 1751 332 1812 1233.
356 1747 476 1832 χύόνα]
510 1748 569 1826 Qu.
594 1749 705 1831 δόμον,
738 1749 787 1813 vel
820 1749 951 1833 πάτραν,
986 1749 1034 1812 vel
1067 1749 1159 1813 πόλιν
1184 1786 1224 1795 -
1250 1750 1281 1820 ἐς
1308 1750 1369 1812 πά-

148 1861 223 1920 τραν
247 1843 314 1922 (pro
338 1838 472 1919 ἐνδόδε).

240 1946 333 2008 1234.
357 1943 515 2028 νίσσεσύε]
540 1943 584 2008 01.
609 1945 648 2008 ad
672 1944 765 2028 Soph.
790 1945 825 2010 O.
843 1945 875 2008 0.
900 1947 972 2008 680.
996 1946 1187 2009 ἐπινίσσεται.

240 2036 333 2098 1241.
357 2033 513 2118 ἐμμένειν]
537 2032 621 2117 Lege
645 2035 796 2117 ἐμμενεῖν.
836 2035 880 2098 01
905 2035 945 2098 ad
968 2034 1050 2099 Mod.
1076 2036 1147 2099 751.

240 2124 333 2186 1242.
359 2124 403 2187 01.
428 2123 479 2188 Or.
497 2125 571 2187 444.
593 2124 704 2205 κύκλῳ
728 2124 788 2206 γάρ
812 2125 1012 2206 εἱλισσόμεθα
1036 2124 1231 2207 παγχάλκοις
1254 2125 1370 2195 ὅπλοις.

239 2213 333 2275 1247.
356 2211 534 2296 μαργῶντ’]
562 2213 719 2295 μαιμῶντ’
748 2213 812 2277 Pal.
850 2213 955 2277 Recte.
1000 2212 1145 2296 011ιγο.
1171 2214 1264 2277 1171.
1295 2237 1369 2296 μαι·

146 2307 220 2382 μῶν
252 2302 400 2383 κορέσσαι
433 2308 521 2384 χεῖρα
555 2302 702 2384 διψῶσαν
734 2303 838 2384 φόνου
867 2308 898 2366 et
925 2302 964 2364 ad
987 2300 1080 2385 Soph.
1103 2304 1153 2384 Aj.
1178 2303 1228 2365 50.
1276 2303 1369 2386 Apud

148 2391 323 2456 Homerum
355 2397 505 2472 μεμαῶτε
535 2392 704 2474 μόχεσδαι.
743 2391 787 2456 01.
818 2391 930 2456 Aesch.
955 2390 1038 2474 Sept.
1063 2393 1135 2454 362.
1167 2396 1303 2474 μαργῶν
1336 2392 1370 2456 δὲ

150 2479 268 2550 Τυδεὺς
290 2480 343 2543 καὶ
366 2481 549 2563 λελιμμένος
570 2481 684 2563 μάχης.

240 2570 332 2633 1250.
356 2570 551 2653 παγχάλκοις
575 2569 699 2654 ὅπλοις]
724 2567 767 2633 01.
787 2571 879 2633 1473.
904 2571 934 2634 οῖ
947 2570 1008 2652 μὲν
1024 2569 1098 2641 Διὸς
1113 2571 1265 2653 τρόπαιον
1287 2571 1369 2634 ἵστο-

148 2681 207 2721 οαν
252 2659 349 2740 ρέτας.
913 2674 923 2689 ·

229 2660 332 2811 1255.
356 2748 519 2830 ἐμπύρους
550 2749 576 2810 τ’
609 2746 731 2831 ἀκμὰς]
764 2746 808 2810 01.
837 2748 973 2833 Ερίοῑ81
1002 2768 1080 2813 com.
1104 2748 1161 2812 ΙΙΙ.
1187 2750 1258 2812 369.
1291 2751 1369 2831 κρέα

147 2836 249 2919 πυρὸς
272 2837 388 2918 ἀκμαῖς
410 2838 593 2920 ἠνθισμένα.

238 2945 332 3008 1256.
356 2943 476 3028 ῥήξεις]
510 2944 609 3027 ξηρὰς
632 2943 758 3008 Faehse.
856 2945 997 3027 ὑγρότητ’
1031 2944 1181 3029 ἐναντίαν]
1214 2945 1369 3028 ὑγρότητα

146 3033 173 3095 τ’
197 3033 302 3097 ἀντίαν
326 3033 418 3098 idem.
458 3031 549 3109 Quod
573 3036 693 3117 etipse
717 3035 921 3116 conjeceram.

238 3123 331 3185 1265.
356 3123 416 3186 ούκ
440 3124 473 3185 ἐν
496 3123 633 3206 χορείαις
658 3122 715 3207 -]
740 3123 891 3187 Similiter
917 3124 1009 3185 1276.
1037 3124 1097 3188 οὐκ
1121 3125 1154 3187 ἐν
1177 3124 1309 3207 αἰσχύνη
1333 3123 1369 3187 τά

147 3213 195 3274 σά.
219 3211 285 3295 Iph.
311 3213 348 3275 A.
375 3213 469 3274 1322.
494 3213 554 3276 οὐκ
578 3213 611 3275 ἐν
635 3213 782 3295 ἁβρότητι
805 3219 905 3276 κεῖσαι
927 3213 1009 3295 πρὸς
1031 3212 1067 3275 τὰ
1091 3219 1149 3276 νῦν
1171 3213 1369 3291 πεπτωκότα,

146 3300 213 3364 Ion.
240 3301 333 3363 1396.
358 3302 418 3364 ούκ
442 3303 475 3364 ἐν
498 3308 604 3384 σιωπῇ
627 3303 719 3384 τάμό.

240 3390 331 3452 1266.
357 3390 520 3472 δαιμόνων
548 3390 748 3474 κατάστασις]
777 3390 922 3475 Legerim
950 3392 1149 3474 πραγμάτων
1176 3392 1369 3474 κατάστασις,

147 3478 316 3543 conditio
340 3499 477 3542 rerum.

239 3586 331 3648 1270.
355 3587 505 3668 ἔκπληξιν
516 3622 555 3631 -
567 3585 684 3670 ἀϋτεῖς]
709 3586 753 3651 01.
769 3587 816 3651 ΕΙ.
829 3589 900 3649 757.
925 3587 1051 3670 σφαγὴν
1074 3588 1175 3658 ἀῦτεῖς
1197 3589 1290 3671 τήνδε
1304 3613 1368 3670 μοι.

239 3676 332 3737 1276.
356 3677 416 3739 οὐκ
440 3677 473 3739 ἐν
496 3677 628 3758 αἰσχύνη
652 3677 688 3738 τά
712 3677 768 3760 σά]
794 3676 837 3739 01.
865 3676 1047 3760 12651111.
1072 3679 1109 3739 A.
1136 3678 1229 3741 1343.
1253 3678 1288 3740 τὸ
1313 3677 1368 3741 δυ-

147 3765 256 3845 οτυχές
282 3789 339 3846 μοι
366 3769 430 3828 τῶν
463 3765 576 3846 γάμων
608 3766 690 3829 αἰδῶ
714 3767 811 3848 φέρει.
832 3768 836 3849 Ι
861 3766 932 3828 ΚΛ.
957 3767 1017 3830 σύκ
1041 3767 1075 3829 ἐν
1098 3766 1245 3849 ἁβρότητι
1268 3773 1369 3831 κεῖσαι

146 3852 227 3934 πρὸς
250 3853 286 3916 τὰ
310 3860 367 3917 νῦν
389 3854 587 3917 πεπτωκότα.
614 3856 707 3917 1322.

239 3961 332 4024 1281.
355 3960 457 4042 σύμδς
480 3961 513 4024 ἐν
536 3962 609 4043 φάει
631 3962 716 4045 βίος]
741 3961 786 4025 01.
802 3961 879 4027 Ηοα.
899 3962 970 4024 166.
994 3962 1098 4026 οὐκέτι
1119 3986 1176 4045 μοι
1197 3963 1267 4046 βίος
1290 3963 1366 4045 ἀγα·

147 4049 218 4120 στός
241 4051 275 4112 ἐν
298 4051 379 4132 φάει.
406 4050 499 4113 1196.
523 4052 613 4133 ἡμεῖς
637 4051 739 4114 οὐκέτ’
762 4050 842 4134 ἦμεν
865 4053 899 4115 ἐν
921 4052 1001 4134 φάει.

237 4139 331 4201 1282.
354 4139 475 4222 αὐτοῖς]
500 4139 576 4222 αὕτη
602 4140 718 4202 frustra
740 4141 829 4203 malit
852 4140 1057 4205 Herwerden.

238 4228 330 4290 1283.
354 4231 394 4310 ἢν
418 4228 447 4292 δ’
463 4229 635 4311 ὑστερήσῃς
652 4226 709 4314 -]
733 4228 829 4292 Hunc
845 4249 971 4293 versum
993 4231 1126 4312 ejiciunt
1142 4231 1227 4295 Grot.
1243 4230 1367 4313 Tyrwh.

236 4407 330 4468 1285.
354 4405 512 4490 τρομερὰν
535 4406 650 4490 φρίκᾳ]
676 4406 720 4471 01.
743 4407 810 4472 Tro.
838 4408 931 4472 1026.
955 4410 1054 4492 φρίκη
1078 4410 1263 4492 τρέμουσαν.
