<?xml version="1.0" encoding="UTF-8"?>
<!DOCTYPE html PUBLIC "-//W3C//DTD XHTML 1.0 Transitional//EN"
    "http://www.w3.org/TR/xhtml1/DTD/xhtml1-transitional.dtd">
<html xmlns="http://www.w3.org/1999/xhtml" xml:lang="en" lang="en">
 <head>
  <title>
</title>
<meta http-equiv="Content-Type" content="text/html;charset=utf-8" />
  <meta name='ocr-system' content='tesseract 3.04.00' />
  <meta name='ocr-capabilities' content='ocr_page ocr_carea ocr_par ocr_line ocrx_word'/>
</head>
<body>
  <div class='ocr_page' id='page_1' title='image "./adversariacriti02blaygoog_0148.png"; bbox 0 0 3210 5174; ppageno 0'>
   <div class='ocr_carea' id='block_1_1' title="bbox 1297 60 1335 225">
    <p class='ocr_par' dir='ltr' id='par_1_1' title="bbox 1297 60 1335 225">
     <span class='ocr_line' id='line_1_1' title="bbox 1297 60 1304 73; baseline 0 -4"><span class='ocrx_word' id='word_1_1' title='bbox 1297 60 1304 73; x_wconf 66' lang='lat' dir='ltr'><em>,x</em></span> 
     </span>
     <span class='ocr_line' id='line_1_2' title="bbox 1303 90 1315 123; baseline 0 0"><span class='ocrx_word' id='word_1_2' title='bbox 1303 90 1315 123; x_wconf 62' lang='grc'><em>’11</em></span> 
     </span>
     <span class='ocr_line' id='line_1_3' title="bbox 1311 126 1329 197; baseline 0 0"><span class='ocrx_word' id='word_1_3' title='bbox 1311 126 1329 197; x_wconf 74' lang='grc'><em>1</em></span> 
     </span>
     <span class='ocr_line' id='line_1_4' title="bbox 1327 208 1335 225; baseline 0 0"><span class='ocrx_word' id='word_1_4' title='bbox 1327 208 1335 225; x_wconf 65' lang='lat' dir='ltr'><strong>t</strong></span> 
     </span>
    </p>
   </div>
   <div class='ocr_carea' id='block_1_2' title="bbox 121 358 1554 692">
    <p class='ocr_par' dir='ltr' id='par_1_2' title="bbox 121 358 1554 692">
     <span class='ocr_line' id='line_1_5' title="bbox 642 358 1344 424; baseline -0.003 0"><span class='ocrx_word' id='word_1_5' title='bbox 642 377 828 424; x_wconf 68' lang='lat' dir='ltr'>nnrncnmnn</span> <span class='ocrx_word' id='word_1_6' title='bbox 1284 358 1344 422; x_wconf 91' lang='grc'><em>121</em></span> 
     </span>
     <span class='ocr_line' id='line_1_6' title="bbox 121 536 1346 692; baseline -0.002 -89"><span class='ocrx_word' id='word_1_7' title='bbox 121 541 155 692; x_wconf 80' lang='grc' dir='ltr'><em>ἢΗ</em></span> <span class='ocrx_word' id='word_1_8' title='bbox 165 539 375 691; x_wconf 57' lang='grc' dir='ltr'><em>βαρὲίχτχιτμόν</em></span> <span class='ocrx_word' id='word_1_9' title='bbox 404 536 442 621; x_wconf 80' lang='grc' dir='ltr'><em>γ’,</em></span> <span class='ocrx_word' id='word_1_10' title='bbox 471 539 498 602; x_wconf 87' lang='lat' dir='ltr'><em>si</em></span> <span class='ocrx_word' id='word_1_11' title='bbox 526 539 700 602; x_wconf 77' lang='lat' dir='ltr'>mutatione</span> <span class='ocrx_word' id='word_1_12' title='bbox 729 558 808 622; x_wconf 87' lang='lat' dir='ltr'>opus</span> <span class='ocrx_word' id='word_1_13' title='bbox 835 540 889 621; x_wconf 85' lang='lat' dir='ltr'>sit,</span> <span class='ocrx_word' id='word_1_14' title='bbox 915 539 1065 622; x_wconf 87' lang='lat' dir='ltr'><strong>proponit</strong></span> <span class='ocrx_word' id='word_1_15' title='bbox 1092 538 1264 603; x_wconf 83' lang='lat' dir='ltr'>Elmsloius</span> <span class='ocrx_word' id='word_1_16' title='bbox 1302 536 1346 601; x_wconf 84' lang='grc'><em>01.</em></span> 
     </span>
     <span class='ocr_line' id='line_1_7' title="bbox 156 647 1554 692; baseline -0.024 -1"><span class='ocrx_word' id='word_1_17' title='bbox 156 647 197 692; x_wconf 88' lang='lat' dir='ltr'><em>or.</em></span> <span class='ocrx_word' id='word_1_18' title='bbox 290 677 296 689; x_wconf 92' lang='lat'><strong>.</strong></span> <span class='ocrx_word' id='word_1_19' title='bbox 1537 650 1554 659; x_wconf 85' lang='lat'><em>..</em></span> 
     </span>
    </p>
   </div>
   <div class='ocr_carea' id='block_1_3' title="bbox 122 717 1355 4553">
    <p class='ocr_par' dir='ltr' id='par_1_3' title="bbox 212 717 778 801">
     <span class='ocr_line' id='line_1_8' title="bbox 212 717 778 801; baseline -0.004 -21"><span class='ocrx_word' id='word_1_20' title='bbox 212 718 285 780; x_wconf 89' lang='grc'><strong>609.</strong></span> <span class='ocrx_word' id='word_1_21' title='bbox 310 717 424 801; x_wconf 82' lang='grc' dir='ltr'><em>ἄνδρα]</em></span> <span class='ocrx_word' id='word_1_22' title='bbox 448 723 540 800; x_wconf 82' lang='grc' dir='ltr'><em>φῶτα</em></span> <span class='ocrx_word' id='word_1_23' title='bbox 564 718 647 799; x_wconf 78' lang='lat' dir='ltr'>conj.</span> <span class='ocrx_word' id='word_1_24' title='bbox 670 717 778 782; x_wconf 85' lang='lat' dir='ltr'><strong>Elmsl.</strong></span> 
     </span>
    </p>

    <p class='ocr_par' dir='ltr' id='par_1_4' title="bbox 122 806 1349 1515">
     <span class='ocr_line' id='line_1_9' title="bbox 213 806 1346 890; baseline 0.002 -22"><span class='ocrx_word' id='word_1_25' title='bbox 213 807 285 870; x_wconf 88' lang='grc'>610.</span> <span class='ocrx_word' id='word_1_26' title='bbox 309 808 441 890; x_wconf 88' lang='grc' dir='ltr'><em>βεβάνσι</em></span> <span class='ocrx_word' id='word_1_27' title='bbox 466 807 567 888; x_wconf 81' lang='grc' dir='ltr'><em>δόμον</em></span> <span class='ocrx_word' id='word_1_28' title='bbox 590 806 726 890; x_wconf 79' lang='grc' dir='ltr'><strong><em>εὐτυχίᾳ]</em></strong></span> <span class='ocrx_word' id='word_1_29' title='bbox 750 808 881 889; x_wconf 87' lang='grc' dir='ltr'><em>βεβάναι</em></span> <span class='ocrx_word' id='word_1_30' title='bbox 899 807 1022 890; x_wconf 79' lang='grc' dir='ltr'><em>δρόμον</em></span> <span class='ocrx_word' id='word_1_31' title='bbox 1037 808 1180 890; x_wconf 81' lang='grc' dir='ltr'><em>εὐτυχίας</em></span> <span class='ocrx_word' id='word_1_32' title='bbox 1196 806 1346 871; x_wconf 85' lang='lat' dir='ltr'><strong>Schmidt.</strong></span> 
     </span>
     <span class='ocr_line' id='line_1_10' title="bbox 122 895 1348 980; baseline 0 -21"><span class='ocrx_word' id='word_1_33' title='bbox 122 896 181 973; x_wconf 84' lang='lat' dir='ltr'><em>Qu</em></span> <span class='ocrx_word' id='word_1_34' title='bbox 204 897 337 979; x_wconf 88' lang='grc' dir='ltr'><em>βεβάναι</em></span> <span class='ocrx_word' id='word_1_35' title='bbox 360 895 476 978; x_wconf 90' lang='grc' dir='ltr'><em>βροτὸν</em></span> <span class='ocrx_word' id='word_1_36' title='bbox 504 896 566 976; x_wconf 78' lang='lat' dir='ltr'>(vol</span> <span class='ocrx_word' id='word_1_37' title='bbox 588 896 659 960; x_wconf 89' lang='grc' dir='ltr'><em>ποτ’</em></span> <span class='ocrx_word' id='word_1_38' title='bbox 683 898 725 970; x_wconf 76' lang='grc' dir='ltr'><em>ἐν,</em></span> <span class='ocrx_word' id='word_1_39' title='bbox 749 897 799 960; x_wconf 82' lang='lat' dir='ltr'><em>vel</em></span> <span class='ocrx_word' id='word_1_40' title='bbox 820 899 875 960; x_wconf 89' lang='grc' dir='ltr'><em>τιν’</em></span> <span class='ocrx_word' id='word_1_41' title='bbox 899 898 943 974; x_wconf 78' lang='grc' dir='ltr'><em>ἕν)</em></span> <span class='ocrx_word' id='word_1_42' title='bbox 971 897 1103 980; x_wconf 81' lang='grc' dir='ltr'><em>εὐτυχίᾳ.</em></span> <span class='ocrx_word' id='word_1_43' title='bbox 1149 896 1290 979; x_wconf 87' lang='grc' dir='ltr'><em>Βεβάναι</em></span> <span class='ocrx_word' id='word_1_44' title='bbox 1314 897 1348 959; x_wconf 75' lang='grc' dir='ltr'><em>ἐν</em></span> 
     </span>
     <span class='ocr_line' id='line_1_11' title="bbox 123 985 1348 1069; baseline 0.002 -21"><span class='ocrx_word' id='word_1_45' title='bbox 123 987 262 1068; x_wconf 63' lang='grc' dir='ltr'><em>εὐτυχίᾳ,</em></span> <span class='ocrx_word' id='word_1_46' title='bbox 278 1005 341 1049; x_wconf 94' lang='lat' dir='ltr'><em>nou</em></span> <span class='ocrx_word' id='word_1_47' title='bbox 359 987 491 1068; x_wconf 85' lang='grc' dir='ltr'><em>βεβάναι</em></span> <span class='ocrx_word' id='word_1_48' title='bbox 507 987 644 1068; x_wconf 81' lang='grc' dir='ltr'><em>εὐτυχίᾳ,</em></span> <span class='ocrx_word' id='word_1_49' title='bbox 661 987 799 1069; x_wconf 84' lang='lat' dir='ltr'>postulat</span> <span class='ocrx_word' id='word_1_50' title='bbox 818 985 946 1050; x_wconf 85' lang='lat' dir='ltr'>dicendi</span> <span class='ocrx_word' id='word_1_51' title='bbox 965 985 1175 1068; x_wconf 79' lang='lat' dir='ltr'>consuetudo,</span> <span class='ocrx_word' id='word_1_52' title='bbox 1198 992 1234 1050; x_wconf 90' lang='lat' dir='ltr'><em>ut</em></span> <span class='ocrx_word' id='word_1_53' title='bbox 1249 986 1348 1050; x_wconf 83' lang='lat' dir='ltr'>voris·</span> 
     </span>
     <span class='ocr_line' id='line_1_12' title="bbox 123 1073 1348 1160; baseline 0 -22"><span class='ocrx_word' id='word_1_54' title='bbox 123 1076 203 1138; x_wconf 84' lang='lat' dir='ltr'><strong>sime</strong></span> <span class='ocrx_word' id='word_1_55' title='bbox 227 1077 350 1138; x_wconf 89' lang='lat' dir='ltr'>monuit</span> <span class='ocrx_word' id='word_1_56' title='bbox 373 1073 522 1138; x_wconf 81' lang='lat' dir='ltr'><strong>Schmidt.</strong></span> <span class='ocrx_word' id='word_1_57' title='bbox 563 1073 605 1138; x_wconf 85' lang='grc'><em>01.</em></span> <span class='ocrx_word' id='word_1_58' title='bbox 629 1094 654 1138; x_wconf 84' lang='grc' dir='ltr'><em>θ.</em></span> <span class='ocrx_word' id='word_1_59' title='bbox 675 1095 704 1158; x_wconf 85' lang='lat' dir='ltr'><em>g.</em></span> <span class='ocrx_word' id='word_1_60' title='bbox 728 1074 820 1160; x_wconf 85' lang='lat' dir='ltr'>Soph.</span> <span class='ocrx_word' id='word_1_61' title='bbox 845 1075 880 1139; x_wconf 93' lang='grc' dir='ltr'><em>Ο.</em></span> <span class='ocrx_word' id='word_1_62' title='bbox 897 1075 932 1139; x_wconf 88' lang='lat' dir='ltr'><em>R.</em></span> <span class='ocrx_word' id='word_1_63' title='bbox 946 1076 997 1139; x_wconf 85' lang='lat'><em>80.</em></span> <span class='ocrx_word' id='word_1_64' title='bbox 1021 1077 1050 1138; x_wconf 86' lang='grc' dir='ltr'><em>εἰ</em></span> <span class='ocrx_word' id='word_1_65' title='bbox 1070 1075 1131 1156; x_wconf 86' lang='grc' dir='ltr'><em>γὰρ</em></span> <span class='ocrx_word' id='word_1_66' title='bbox 1154 1076 1188 1138; x_wconf 77' lang='grc' dir='ltr'><em>ἐν</em></span> <span class='ocrx_word' id='word_1_67' title='bbox 1211 1076 1288 1158; x_wconf 83' lang='grc' dir='ltr'><em>τύχη</em></span> <span class='ocrx_word' id='word_1_68' title='bbox 1313 1077 1348 1156; x_wconf 81' lang='grc' dir='ltr'><em>γέ</em></span> 
     </span>
     <span class='ocr_line' id='line_1_13' title="bbox 123 1163 1347 1247; baseline 0 -21"><span class='ocrx_word' id='word_1_69' title='bbox 123 1188 168 1246; x_wconf 89' lang='grc' dir='ltr'><em>τῳ</em></span> <span class='ocrx_word' id='word_1_70' title='bbox 189 1164 193 1244; x_wconf 87' lang='grc'><em>]</em></span> <span class='ocrx_word' id='word_1_71' title='bbox 214 1170 332 1247; x_wconf 78' lang='grc' dir='ltr'><em>σωτῆρι</em></span> <span class='ocrx_word' id='word_1_72' title='bbox 348 1165 432 1247; x_wconf 89' lang='grc' dir='ltr'><em>βαίη.</em></span> <span class='ocrx_word' id='word_1_73' title='bbox 449 1163 495 1226; x_wconf 82' lang='grc' dir='ltr'><em>ΕΙ.</em></span> <span class='ocrx_word' id='word_1_74' title='bbox 509 1165 602 1226; x_wconf 97' lang='grc'><strong>1056.</strong></span> <span class='ocrx_word' id='word_1_75' title='bbox 619 1164 694 1227; x_wconf 88' lang='grc' dir='ltr'><em>ὅταν</em></span> <span class='ocrx_word' id='word_1_76' title='bbox 717 1165 778 1246; x_wconf 80' lang='grc' dir='ltr'><em>γὰρ</em></span> <span class='ocrx_word' id='word_1_77' title='bbox 794 1165 827 1228; x_wconf 78' lang='grc' dir='ltr'><em>ἐν</em></span> <span class='ocrx_word' id='word_1_78' title='bbox 843 1171 955 1234; x_wconf 84' lang='grc' dir='ltr'><strong><em>κακοῖς</em></strong></span> <span class='ocrx_word' id='word_1_79' title='bbox 975 1165 978 1245; x_wconf 91' lang='grc'><em>]</em></span> <span class='ocrx_word' id='word_1_80' title='bbox 1000 1165 1062 1247; x_wconf 78' lang='grc' dir='ltr'><em>ἤδη</em></span> <span class='ocrx_word' id='word_1_81' title='bbox 1078 1165 1226 1247; x_wconf 84' lang='grc' dir='ltr'><em>βεβήκῃς.</em></span> <span class='ocrx_word' id='word_1_82' title='bbox 1254 1164 1347 1227; x_wconf 87' lang='grc'><strong>1004.</strong></span> 
     </span>
     <span class='ocr_line' id='line_1_14' title="bbox 123 1252 1349 1336; baseline -0.001 -19"><span class='ocrx_word' id='word_1_83' title='bbox 123 1255 220 1336; x_wconf 83' lang='grc' dir='ltr'><em>μοίρᾳ</em></span> <span class='ocrx_word' id='word_1_84' title='bbox 244 1254 303 1335; x_wconf 76' lang='grc' dir='ltr'><em>μέν</em></span> <span class='ocrx_word' id='word_1_85' title='bbox 327 1255 387 1317; x_wconf 83' lang='grc' dir='ltr'><em>οὐκ</em></span> <span class='ocrx_word' id='word_1_86' title='bbox 403 1255 437 1316; x_wconf 81' lang='grc' dir='ltr'><em>ἕν</em></span> <span class='ocrx_word' id='word_1_87' title='bbox 453 1253 553 1336; x_wconf 82' lang='grc' dir='ltr'><em>έσδλᾷ</em></span> <span class='ocrx_word' id='word_1_88' title='bbox 567 1255 724 1336; x_wconf 79' lang='grc' dir='ltr'><strong><em>βεβῶσαν.</em></strong></span> <span class='ocrx_word' id='word_1_89' title='bbox 749 1252 822 1317; x_wconf 80' lang='lat' dir='ltr'>Eur.</span> <span class='ocrx_word' id='word_1_90' title='bbox 839 1253 888 1317; x_wconf 86' lang='lat' dir='ltr'><em>Fr.</em></span> <span class='ocrx_word' id='word_1_91' title='bbox 908 1254 1002 1335; x_wconf 79' lang='lat'>1073,</span> <span class='ocrx_word' id='word_1_92' title='bbox 1020 1255 1046 1316; x_wconf 93' lang='grc'><em>1.</em></span> <span class='ocrx_word' id='word_1_93' title='bbox 1064 1253 1178 1335; x_wconf 78' lang='grc' dir='ltr'><em>δρδαῖς</em></span> <span class='ocrx_word' id='word_1_94' title='bbox 1193 1255 1227 1316; x_wconf 79' lang='grc' dir='ltr'><em>ἐν</em></span> <span class='ocrx_word' id='word_1_95' title='bbox 1242 1254 1349 1336; x_wconf 86' lang='grc' dir='ltr'><em>τύχαις</em></span> 
     </span>
     <span class='ocr_line' id='line_1_15' title="bbox 122 1341 1347 1426; baseline -0.002 -20"><span class='ocrx_word' id='word_1_96' title='bbox 122 1343 291 1426; x_wconf 75' lang='grc' dir='ltr'><strong><em>βεβηκότα.</em></strong></span> <span class='ocrx_word' id='word_1_97' title='bbox 315 1342 495 1423; x_wconf 74' lang='lat' dir='ltr'>Fr.196,4.</span> <span class='ocrx_word' id='word_1_98' title='bbox 520 1345 553 1406; x_wconf 81' lang='grc' dir='ltr'><em>έν</em></span> <span class='ocrx_word' id='word_1_99' title='bbox 577 1343 665 1425; x_wconf 87' lang='grc' dir='ltr'><em>ὄλβῳ</em></span> <span class='ocrx_word' id='word_1_100' title='bbox 687 1343 732 1425; x_wconf 86' lang='grc' dir='ltr'><em>μὴ</em></span> <span class='ocrx_word' id='word_1_101' title='bbox 758 1350 854 1426; x_wconf 80' lang='grc' dir='ltr'><em>σαφεῖ</em></span> <span class='ocrx_word' id='word_1_102' title='bbox 872 1343 1051 1425; x_wconf 88' lang='grc' dir='ltr'><em>βεβηκότες.</em></span> <span class='ocrx_word' id='word_1_103' title='bbox 1094 1341 1139 1406; x_wconf 86' lang='grc'><em>01.</em></span> <span class='ocrx_word' id='word_1_104' title='bbox 1162 1344 1230 1407; x_wconf 78' lang='lat' dir='ltr'>Tro,</span> <span class='ocrx_word' id='word_1_105' title='bbox 1255 1342 1347 1405; x_wconf 79' lang='grc'><strong>1205.</strong></span> 
     </span>
     <span class='ocr_line' id='line_1_16' title="bbox 124 1431 1347 1515; baseline -0.001 -20"><span class='ocrx_word' id='word_1_106' title='bbox 124 1434 157 1495; x_wconf 80' lang='grc' dir='ltr'><em>αλ</em></span> <span class='ocrx_word' id='word_1_107' title='bbox 183 1433 272 1515; x_wconf 83' lang='grc' dir='ltr'><em>τιίχαι</em></span> <span class='ocrx_word' id='word_1_108' title='bbox 300 1469 343 1477; x_wconf 95' lang='grc'><strong>-</strong></span> <span class='ocrx_word' id='word_1_109' title='bbox 371 1432 474 1495; x_wconf 81' lang='grc' dir='ltr'><em>ἄλλοτ’</em></span> <span class='ocrx_word' id='word_1_110' title='bbox 502 1431 614 1495; x_wconf 79' lang='grc' dir='ltr'><em>ἄλλοσε</em></span> <span class='ocrx_word' id='word_1_111' title='bbox 635 1433 638 1514; x_wconf 90' lang='grc'><em>]</em></span> <span class='ocrx_word' id='word_1_112' title='bbox 659 1432 797 1514; x_wconf 81' lang='grc' dir='ltr'><em>πηδῶσι,</em></span> <span class='ocrx_word' id='word_1_113' title='bbox 829 1432 955 1503; x_wconf 79' lang='grc' dir='ltr'><em>κούδείς</em></span> <span class='ocrx_word' id='word_1_114' title='bbox 987 1432 1082 1502; x_wconf 86' lang='grc' dir='ltr'><em>αὑτὸς</em></span> <span class='ocrx_word' id='word_1_115' title='bbox 1113 1433 1236 1515; x_wconf 84' lang='grc' dir='ltr'><em>εὐτυχεῖ</em></span> <span class='ocrx_word' id='word_1_116' title='bbox 1264 1456 1347 1496; x_wconf 88' lang='grc' dir='ltr'><em>ποτε.</em></span> 
     </span>
    </p>

    <p class='ocr_par' dir='ltr' id='par_1_5' title="bbox 168 1520 1183 1605">
     <span class='ocr_line' id='line_1_17' title="bbox 168 1520 1183 1605; baseline -0.002 -20"><span class='ocrx_word' id='word_1_117' title='bbox 168 1521 311 1605; x_wconf 88' lang='grc' dir='ltr'><em>βεβάναι]</em></span> <span class='ocrx_word' id='word_1_118' title='bbox 337 1520 453 1586; x_wconf 84' lang='lat' dir='ltr'>Confer</span> <span class='ocrx_word' id='word_1_119' title='bbox 477 1521 673 1585; x_wconf 82' lang='grc' dir='ltr'><em>δεδειπνάναι</em></span> <span class='ocrx_word' id='word_1_120' title='bbox 696 1523 792 1585; x_wconf 83' lang='lat' dir='ltr'>Arist.</span> <span class='ocrx_word' id='word_1_121' title='bbox 816 1521 864 1585; x_wconf 81' lang='lat' dir='ltr'><em>Fr.</em></span> <span class='ocrx_word' id='word_1_122' title='bbox 891 1522 941 1585; x_wconf 95' lang='grc'><em>78.</em></span> <span class='ocrx_word' id='word_1_123' title='bbox 965 1522 1101 1594; x_wconf 76' lang='grc' dir='ltr'><em>ἑστάναι,</em></span> <span class='ocrx_word' id='word_1_124' title='bbox 1127 1529 1183 1586; x_wconf 82' lang='lat' dir='ltr'>etc.</span> 
     </span>
    </p>

    <p class='ocr_par' dir='ltr' id='par_1_6' title="bbox 215 1609 902 1694">
     <span class='ocr_line' id='line_1_18' title="bbox 215 1609 902 1694; baseline -0.001 -21"><span class='ocrx_word' id='word_1_125' title='bbox 215 1612 288 1673; x_wconf 89' lang='grc'><strong>611.</strong></span> <span class='ocrx_word' id='word_1_126' title='bbox 313 1610 400 1691; x_wconf 88' lang='grc' dir='ltr'><em>παρὰ</em></span> <span class='ocrx_word' id='word_1_127' title='bbox 428 1648 466 1656; x_wconf 97' lang='grc'>-</span> <span class='ocrx_word' id='word_1_128' title='bbox 492 1610 612 1694; x_wconf 86' lang='grc' dir='ltr'><em>διώκει]</em></span> <span class='ocrx_word' id='word_1_129' title='bbox 636 1609 719 1674; x_wconf 85' lang='lat' dir='ltr'>Fort.</span> <span class='ocrx_word' id='word_1_130' title='bbox 742 1611 821 1674; x_wconf 87' lang='grc' dir='ltr'><em>κατὰ</em></span> <span class='ocrx_word' id='word_1_131' title='bbox 850 1648 902 1672; x_wconf 96' lang='grc'><em>-.</em></span> 
     </span>
    </p>

    <p class='ocr_par' dir='ltr' id='par_1_7' title="bbox 124 1698 1348 1872">
     <span class='ocr_line' id='line_1_19' title="bbox 215 1698 1348 1783; baseline 0 -21"><span class='ocrx_word' id='word_1_132' title='bbox 215 1701 279 1762; x_wconf 89' lang='grc'><em>613</em></span> <span class='ocrx_word' id='word_1_133' title='bbox 296 1719 341 1781; x_wconf 83' lang='lat' dir='ltr'><em>sq.</em></span> <span class='ocrx_word' id='word_1_134' title='bbox 366 1698 411 1762; x_wconf 90' lang='grc'><em>01.</em></span> <span class='ocrx_word' id='word_1_135' title='bbox 434 1701 502 1763; x_wconf 83' lang='lat' dir='ltr'><em>Tro</em></span> <span class='ocrx_word' id='word_1_136' title='bbox 527 1701 600 1762; x_wconf 86' lang='lat'>613.</span> <span class='ocrx_word' id='word_1_137' title='bbox 624 1700 693 1782; x_wconf 88' lang='grc' dir='ltr'><em>ὁρώ</em></span> <span class='ocrx_word' id='word_1_138' title='bbox 716 1700 752 1762; x_wconf 83' lang='grc' dir='ltr'><em>τὰ</em></span> <span class='ocrx_word' id='word_1_139' title='bbox 776 1706 840 1763; x_wconf 85' lang='grc' dir='ltr'><em>τῶν</em></span> <span class='ocrx_word' id='word_1_140' title='bbox 862 1702 951 1764; x_wconf 82' lang='grc' dir='ltr'><em>δεών</em></span> <span class='ocrx_word' id='word_1_141' title='bbox 979 1701 1026 1771; x_wconf 87' lang='grc' dir='ltr'><em>ὠς</em></span> <span class='ocrx_word' id='word_1_142' title='bbox 1053 1700 1088 1763; x_wconf 84' lang='grc' dir='ltr'><em>τὰ</em></span> <span class='ocrx_word' id='word_1_143' title='bbox 1112 1701 1172 1783; x_wconf 87' lang='grc' dir='ltr'><em>μὲν</em></span> <span class='ocrx_word' id='word_1_144' title='bbox 1194 1702 1348 1782; x_wconf 88' lang='grc' dir='ltr'><em>πυργοῦσ’</em></span> 
     </span>
     <span class='ocr_line' id='line_1_20' title="bbox 124 1789 1014 1872; baseline 0.001 -20"><span class='ocrx_word' id='word_1_145' title='bbox 124 1790 207 1862; x_wconf 82' lang='grc' dir='ltr'><em>ἄνω,</em></span> <span class='ocrx_word' id='word_1_146' title='bbox 229 1789 233 1872; x_wconf 89' lang='grc'><em>]</em></span> <span class='ocrx_word' id='word_1_147' title='bbox 253 1789 290 1852; x_wconf 85' lang='grc' dir='ltr'><em>τὰ</em></span> <span class='ocrx_word' id='word_1_148' title='bbox 313 1789 415 1871; x_wconf 82' lang='grc' dir='ltr'><em>μηδὲν</em></span> <span class='ocrx_word' id='word_1_149' title='bbox 439 1791 524 1861; x_wconf 83' lang='grc' dir='ltr'><em>ὄντα,</em></span> <span class='ocrx_word' id='word_1_150' title='bbox 548 1789 584 1851; x_wconf 86' lang='grc' dir='ltr'><em>τὰ</em></span> <span class='ocrx_word' id='word_1_151' title='bbox 610 1790 644 1853; x_wconf 84' lang='grc' dir='ltr'><em>δὲ</em></span> <span class='ocrx_word' id='word_1_152' title='bbox 668 1789 813 1853; x_wconf 85' lang='grc' dir='ltr'><em>δοκοῦντ’</em></span> <span class='ocrx_word' id='word_1_153' title='bbox 837 1791 1014 1853; x_wconf 80' lang='grc' dir='ltr'><em>ἀπώλεσαν.</em></span> 
     </span>
    </p>

    <p class='ocr_par' dir='ltr' id='par_1_8' title="bbox 215 1877 1349 1962">
     <span class='ocr_line' id='line_1_21' title="bbox 215 1877 1349 1962; baseline 0 -22"><span class='ocrx_word' id='word_1_154' title='bbox 215 1881 288 1941; x_wconf 86' lang='grc'><strong>614.</strong></span> <span class='ocrx_word' id='word_1_155' title='bbox 311 1879 365 1942; x_wconf 91' lang='grc' dir='ltr'><em>τδν</em></span> <span class='ocrx_word' id='word_1_156' title='bbox 390 1879 418 1941; x_wconf 89' lang='grc' dir='ltr'><em>δ’</em></span> <span class='ocrx_word' id='word_1_157' title='bbox 442 1878 570 1962; x_wconf 78' lang='grc' dir='ltr'><em>ἀληταν]</em></span> <span class='ocrx_word' id='word_1_158' title='bbox 595 1878 654 1956; x_wconf 81' lang='lat' dir='ltr'><em>Qu</em></span> <span class='ocrx_word' id='word_1_159' title='bbox 678 1878 731 1941; x_wconf 87' lang='grc' dir='ltr'><em>τὸν</em></span> <span class='ocrx_word' id='word_1_160' title='bbox 756 1878 790 1942; x_wconf 86' lang='grc' dir='ltr'><em>δὲ</em></span> <span class='ocrx_word' id='word_1_161' title='bbox 813 1878 928 1961; x_wconf 82' lang='grc' dir='ltr'><em>πένητ’,</em></span> <span class='ocrx_word' id='word_1_162' title='bbox 957 1887 1012 1942; x_wconf 82' lang='lat' dir='ltr'><em>aut</em></span> <span class='ocrx_word' id='word_1_163' title='bbox 1038 1878 1092 1941; x_wconf 86' lang='grc' dir='ltr'><em>τὸν</em></span> <span class='ocrx_word' id='word_1_164' title='bbox 1120 1879 1148 1941; x_wconf 94' lang='grc' dir='ltr'><em>δ’</em></span> <span class='ocrx_word' id='word_1_165' title='bbox 1177 1877 1349 1961; x_wconf 85' lang='grc' dir='ltr'><em>άτυχοῦντ’.</em></span> 
     </span>
    </p>

    <p class='ocr_par' dir='ltr' id='par_1_9' title="bbox 125 1967 1349 2320">
     <span class='ocr_line' id='line_1_22' title="bbox 169 1967 1348 2052; baseline 0 -22"><span class='ocrx_word' id='word_1_166' title='bbox 169 1967 293 2051; x_wconf 83' lang='grc' dir='ltr'><em>βραχὺν</em></span> <span class='ocrx_word' id='word_1_167' title='bbox 309 1967 417 2051; x_wconf 77' lang='grc' dir='ltr'><em>ᾤκισε]</em></span> <span class='ocrx_word' id='word_1_168' title='bbox 440 1968 564 2051; x_wconf 82' lang='grc' dir='ltr'><em>βραχὺν</em></span> <span class='ocrx_word' id='word_1_169' title='bbox 587 1969 686 2031; x_wconf 83' lang='grc' dir='ltr'><em>ἔκτισε</em></span> <span class='ocrx_word' id='word_1_170' title='bbox 701 1977 786 2031; x_wconf 81' lang='lat' dir='ltr'>recte</span> <span class='ocrx_word' id='word_1_171' title='bbox 802 1967 918 2047; x_wconf 61' lang='lat' dir='ltr'>Cobet..</span> <span class='ocrx_word' id='word_1_172' title='bbox 942 1969 1012 2031; x_wconf 85' lang='lat' dir='ltr'>coll.</span> <span class='ocrx_word' id='word_1_173' title='bbox 1029 1967 1136 2052; x_wconf 82' lang='lat' dir='ltr'>Suppl.</span> <span class='ocrx_word' id='word_1_174' title='bbox 1155 1968 1227 2031; x_wconf 90' lang='grc'><strong>621.</strong></span> <span class='ocrx_word' id='word_1_175' title='bbox 1251 1990 1348 2030; x_wconf 90' lang='grc' dir='ltr'><em>ποτα-</em></span> 
     </span>
     <span class='ocr_line' id='line_1_23' title="bbox 125 2057 1349 2140; baseline -0.002 -19"><span class='ocrx_word' id='word_1_176' title='bbox 125 2057 183 2121; x_wconf 86' lang='grc' dir='ltr'><em>νὰν</em></span> <span class='ocrx_word' id='word_1_177' title='bbox 207 2060 238 2121; x_wconf 90' lang='grc' dir='ltr'><em>εἴ</em></span> <span class='ocrx_word' id='word_1_178' title='bbox 255 2059 296 2140; x_wconf 87' lang='grc' dir='ltr'><em>μέ</em></span> <span class='ocrx_word' id='word_1_179' title='bbox 318 2081 363 2128; x_wconf 89' lang='grc' dir='ltr'><em>τις</em></span> <span class='ocrx_word' id='word_1_180' title='bbox 390 2059 479 2120; x_wconf 80' lang='grc' dir='ltr'><em>δεών</em></span> <span class='ocrx_word' id='word_1_181' title='bbox 506 2058 613 2121; x_wconf 89' lang='grc' dir='ltr'><em>κτίσαι.</em></span> <span class='ocrx_word' id='word_1_182' title='bbox 640 2058 711 2120; x_wconf 93' lang='grc'><strong>787.</strong></span> <span class='ocrx_word' id='word_1_183' title='bbox 757 2057 847 2121; x_wconf 84' lang='lat' dir='ltr'>Idem</span> <span class='ocrx_word' id='word_1_184' title='bbox 876 2058 954 2120; x_wconf 88' lang='lat' dir='ltr'><strong>mihi</strong></span> <span class='ocrx_word' id='word_1_185' title='bbox 982 2059 1015 2119; x_wconf 89' lang='lat' dir='ltr'><em>in</em></span> <span class='ocrx_word' id='word_1_186' title='bbox 1045 2062 1183 2122; x_wconf 78' lang='lat' dir='ltr'>mentem</span> <span class='ocrx_word' id='word_1_187' title='bbox 1212 2062 1349 2120; x_wconf 83' lang='lat' dir='ltr'>venerat.</span> 
     </span>
     <span class='ocr_line' id='line_1_24' title="bbox 125 2144 1349 2230; baseline -0.002 -21"><span class='ocrx_word' id='word_1_188' title='bbox 125 2147 263 2229; x_wconf 83' lang='lat' dir='ltr'>Vulgata</span> <span class='ocrx_word' id='word_1_189' title='bbox 291 2146 385 2229; x_wconf 80' lang='lat' dir='ltr'>plone</span> <span class='ocrx_word' id='word_1_190' title='bbox 413 2147 527 2210; x_wconf 79' lang='lat' dir='ltr'>vitiosa</span> <span class='ocrx_word' id='word_1_191' title='bbox 555 2153 609 2210; x_wconf 82' lang='lat' dir='ltr'>est.</span> <span class='ocrx_word' id='word_1_192' title='bbox 721 2146 857 2230; x_wconf 89' lang='grc' dir='ltr'><em>βραχὺν]</em></span> <span class='ocrx_word' id='word_1_193' title='bbox 881 2147 904 2209; x_wconf 88' lang='lat' dir='ltr'><em>I.</em></span> <span class='ocrx_word' id='word_1_194' title='bbox 927 2166 951 2211; x_wconf 91' lang='lat' dir='ltr'><em>e.</em></span> <span class='ocrx_word' id='word_1_195' title='bbox 980 2146 1143 2209; x_wconf 83' lang='lat' dir='ltr'>humilem.</span> <span class='ocrx_word' id='word_1_196' title='bbox 1182 2145 1226 2210; x_wconf 82' lang='lat' dir='ltr'><em>Cf.</em></span> <span class='ocrx_word' id='word_1_197' title='bbox 1255 2144 1349 2229; x_wconf 84' lang='lat' dir='ltr'>Soph.</span> 
     </span>
     <span class='ocr_line' id='line_1_25' title="bbox 127 2234 1105 2320; baseline -0.002 -20"><span class='ocrx_word' id='word_1_198' title='bbox 127 2237 161 2301; x_wconf 92' lang='grc'><em>0.</em></span> <span class='ocrx_word' id='word_1_199' title='bbox 179 2234 210 2298; x_wconf 92' lang='grc'><em>0.</em></span> <span class='ocrx_word' id='word_1_200' title='bbox 238 2237 308 2299; x_wconf 88' lang='grc'><strong>196.</strong></span> <span class='ocrx_word' id='word_1_201' title='bbox 400 2237 572 2317; x_wconf 80' lang='grc' dir='ltr'><em>εὐδαίμονα</em></span> <span class='ocrx_word' id='word_1_202' title='bbox 596 2236 705 2320; x_wconf 83' lang='grc' dir='ltr'><em>τεύχει]</em></span> <span class='ocrx_word' id='word_1_203' title='bbox 731 2234 789 2310; x_wconf 81' lang='lat' dir='ltr'><em>Qu.</em></span> <span class='ocrx_word' id='word_1_204' title='bbox 813 2235 974 2318; x_wconf 84' lang='grc' dir='ltr'><em>εὐδαίμον’</em></span> <span class='ocrx_word' id='word_1_205' title='bbox 998 2236 1105 2318; x_wconf 76' lang='grc' dir='ltr'><em>έδηκε.</em></span> 
     </span>
    </p>

    <p class='ocr_par' dir='ltr' id='par_1_10' title="bbox 125 2323 1351 2568">
     <span class='ocr_line' id='line_1_26' title="bbox 217 2323 1350 2409; baseline 0 -22"><span class='ocrx_word' id='word_1_206' title='bbox 217 2327 289 2388; x_wconf 76' lang='lat'>614.</span> <span class='ocrx_word' id='word_1_207' title='bbox 312 2325 366 2388; x_wconf 88' lang='grc' dir='ltr'><em>τὸν</em></span> <span class='ocrx_word' id='word_1_208' title='bbox 391 2325 419 2388; x_wconf 92' lang='grc' dir='ltr'><em>δ’</em></span> <span class='ocrx_word' id='word_1_209' title='bbox 444 2325 571 2409; x_wconf 80' lang='grc' dir='ltr'><em>ἀλήταν]</em></span> <span class='ocrx_word' id='word_1_210' title='bbox 595 2324 647 2389; x_wconf 82' lang='lat' dir='ltr'><em>Sic</em></span> <span class='ocrx_word' id='word_1_211' title='bbox 671 2326 703 2390; x_wconf 92' lang='grc'><em>0.</em></span> <span class='ocrx_word' id='word_1_212' title='bbox 720 2325 754 2389; x_wconf 88' lang='lat' dir='ltr'><em>P.</em></span> <span class='ocrx_word' id='word_1_213' title='bbox 778 2325 832 2389; x_wconf 88' lang='grc' dir='ltr'><em>τὸν</em></span> <span class='ocrx_word' id='word_1_214' title='bbox 856 2326 884 2388; x_wconf 92' lang='grc' dir='ltr'><em>δ’</em></span> <span class='ocrx_word' id='word_1_215' title='bbox 908 2325 1059 2406; x_wconf 65' lang='grc' dir='ltr'><em>άτίτανβ]</em></span> <span class='ocrx_word' id='word_1_216' title='bbox 1083 2324 1153 2388; x_wconf 83' lang='lat' dir='ltr'>Fix.</span> <span class='ocrx_word' id='word_1_217' title='bbox 1177 2323 1272 2388; x_wconf 90' lang='lat' dir='ltr'>Dind.</span> <span class='ocrx_word' id='word_1_218' title='bbox 1296 2324 1350 2387; x_wconf 90' lang='grc' dir='ltr'><em>τὸν</em></span> 
     </span>
     <span class='ocr_line' id='line_1_27' title="bbox 126 2412 1351 2498; baseline -0.002 -20"><span class='ocrx_word' id='word_1_219' title='bbox 126 2415 155 2478; x_wconf 91' lang='grc' dir='ltr'><em>δ’</em></span> <span class='ocrx_word' id='word_1_220' title='bbox 180 2415 335 2496; x_wconf 51' lang='lat' dir='ltr'><em>ultrave)</em></span> <span class='ocrx_word' id='word_1_221' title='bbox 359 2413 466 2478; x_wconf 78' lang='lat' dir='ltr'>Herm.</span> <span class='ocrx_word' id='word_1_222' title='bbox 491 2415 544 2478; x_wconf 87' lang='grc' dir='ltr'><em>τὸν</em></span> <span class='ocrx_word' id='word_1_223' title='bbox 569 2415 603 2478; x_wconf 86' lang='grc' dir='ltr'><em>δέ</em></span> <span class='ocrx_word' id='word_1_224' title='bbox 626 2415 756 2498; x_wconf 89' lang='grc' dir='ltr'><em>πλάνητ’</em></span> <span class='ocrx_word' id='word_1_225' title='bbox 780 2415 916 2478; x_wconf 82' lang='lat' dir='ltr'>Boeckh.</span> <span class='ocrx_word' id='word_1_226' title='bbox 955 2412 1012 2490; x_wconf 82' lang='lat' dir='ltr'><em>Qu.</em></span> <span class='ocrx_word' id='word_1_227' title='bbox 1036 2413 1090 2479; x_wconf 89' lang='grc' dir='ltr'><em>τὸν</em></span> <span class='ocrx_word' id='word_1_228' title='bbox 1106 2414 1141 2477; x_wconf 83' lang='grc' dir='ltr'><em>δέ</em></span> <span class='ocrx_word' id='word_1_229' title='bbox 1156 2414 1272 2496; x_wconf 85' lang='grc' dir='ltr'><em>πένητ’,</em></span> <span class='ocrx_word' id='word_1_230' title='bbox 1296 2420 1351 2476; x_wconf 82' lang='lat' dir='ltr'><em>aut</em></span> 
     </span>
     <span class='ocr_line' id='line_1_28' title="bbox 125 2504 392 2568; baseline 0 -2"><span class='ocrx_word' id='word_1_231' title='bbox 125 2504 179 2568; x_wconf 88' lang='grc' dir='ltr'><em>τὸν</em></span> <span class='ocrx_word' id='word_1_232' title='bbox 204 2504 238 2567; x_wconf 85' lang='grc' dir='ltr'><em>δέ</em></span> <span class='ocrx_word' id='word_1_233' title='bbox 261 2504 392 2567; x_wconf 86' lang='grc' dir='ltr'><em>πεσόντ’.</em></span> 
     </span>
    </p>

    <p class='ocr_par' dir='ltr' id='par_1_11' title="bbox 125 2592 1351 2855">
     <span class='ocr_line' id='line_1_29' title="bbox 216 2592 1351 2676; baseline 0 -21"><span class='ocrx_word' id='word_1_234' title='bbox 216 2595 288 2655; x_wconf 89' lang='grc'><strong>618.</strong></span> <span class='ocrx_word' id='word_1_235' title='bbox 311 2594 356 2676; x_wconf 88' lang='grc' dir='ltr'><em>μὴ</em></span> <span class='ocrx_word' id='word_1_236' title='bbox 381 2594 555 2676; x_wconf 85' lang='grc' dir='ltr'><em>προπεσὼν</em></span> <span class='ocrx_word' id='word_1_237' title='bbox 576 2593 612 2657; x_wconf 83' lang='grc' dir='ltr'><em>τὰ</em></span> <span class='ocrx_word' id='word_1_238' title='bbox 637 2594 725 2657; x_wconf 67' lang='grc' dir='ltr'><em>’θεῶν</em></span> <span class='ocrx_word' id='word_1_239' title='bbox 740 2592 833 2676; x_wconf 79' lang='grc' dir='ltr'><em>ὕπερ]</em></span> <span class='ocrx_word' id='word_1_240' title='bbox 856 2594 901 2676; x_wconf 80' lang='grc' dir='ltr'><em>μὴ</em></span> <span class='ocrx_word' id='word_1_241' title='bbox 918 2594 1101 2675; x_wconf 86' lang='grc' dir='ltr'><em>προπίτνων</em></span> <span class='ocrx_word' id='word_1_242' title='bbox 1116 2592 1152 2656; x_wconf 85' lang='grc' dir='ltr'><em>τὰ</em></span> <span class='ocrx_word' id='word_1_243' title='bbox 1168 2594 1257 2657; x_wconf 85' lang='grc' dir='ltr'><em>δεῶν</em></span> <span class='ocrx_word' id='word_1_244' title='bbox 1273 2594 1351 2675; x_wconf 81' lang='grc' dir='ltr'><em>φέρε</em></span> 
     </span>
     <span class='ocr_line' id='line_1_30' title="bbox 126 2681 1350 2766; baseline -0.001 -20"><span class='ocrx_word' id='word_1_245' title='bbox 126 2682 235 2746; x_wconf 81' lang='lat' dir='ltr'><strong>Elmsl.</strong></span> <span class='ocrx_word' id='word_1_246' title='bbox 274 2682 298 2746; x_wconf 92' lang='grc' dir='ltr'><em>Ι.</em></span> <span class='ocrx_word' id='word_1_247' title='bbox 315 2700 343 2763; x_wconf 90' lang='lat' dir='ltr'><em>q.</em></span> <span class='ocrx_word' id='word_1_248' title='bbox 367 2685 534 2766; x_wconf 82' lang='grc' dir='ltr'><em>προπετής.</em></span> <span class='ocrx_word' id='word_1_249' title='bbox 561 2683 696 2766; x_wconf 85' lang='lat' dir='ltr'>Anglioe</span> <span class='ocrx_word' id='word_1_250' title='bbox 712 2681 962 2766; x_wconf 84' lang='lat' dir='ltr'>succumbing</span> <span class='ocrx_word' id='word_1_251' title='bbox 981 2681 1223 2746; x_wconf 83' lang='lat' dir='ltr'>boforehand.</span> <span class='ocrx_word' id='word_1_252' title='bbox 1313 2681 1350 2745; x_wconf 87' lang='grc' dir='ltr'><em>τὰ</em></span> 
     </span>
     <span class='ocr_line' id='line_1_31' title="bbox 125 2770 1146 2855; baseline -0.001 -20"><span class='ocrx_word' id='word_1_253' title='bbox 125 2772 214 2835; x_wconf 77' lang='grc' dir='ltr'><em>θεῶν</em></span> <span class='ocrx_word' id='word_1_254' title='bbox 237 2771 329 2854; x_wconf 82' lang='grc' dir='ltr'><em>ὕπερ]</em></span> <span class='ocrx_word' id='word_1_255' title='bbox 353 2772 389 2834; x_wconf 88' lang='grc' dir='ltr'><em>τὰ</em></span> <span class='ocrx_word' id='word_1_256' title='bbox 413 2774 502 2836; x_wconf 75' lang='grc' dir='ltr'><em>θεῶν</em></span> <span class='ocrx_word' id='word_1_257' title='bbox 525 2774 603 2855; x_wconf 81' lang='grc' dir='ltr'><em>φέρε</em></span> <span class='ocrx_word' id='word_1_258' title='bbox 625 2773 734 2836; x_wconf 85' lang='lat' dir='ltr'><strong>Elmsl.</strong></span> <span class='ocrx_word' id='word_1_259' title='bbox 758 2771 794 2835; x_wconf 86' lang='grc' dir='ltr'><em>τὰ</em></span> <span class='ocrx_word' id='word_1_260' title='bbox 818 2773 907 2835; x_wconf 75' lang='grc' dir='ltr'><em>θεῶν</em></span> <span class='ocrx_word' id='word_1_261' title='bbox 929 2773 1008 2853; x_wconf 82' lang='grc' dir='ltr'><em>ψέγε</em></span> <span class='ocrx_word' id='word_1_262' title='bbox 1031 2770 1146 2835; x_wconf 78' lang='lat' dir='ltr'>Nuber.</span> 
     </span>
    </p>

    <p class='ocr_par' dir='ltr' id='par_1_12' title="bbox 217 2860 997 2944">
     <span class='ocr_line' id='line_1_32' title="bbox 217 2860 997 2944; baseline 0.001 -22"><span class='ocrx_word' id='word_1_263' title='bbox 217 2862 289 2923; x_wconf 82' lang='lat'><strong>622.</strong></span> <span class='ocrx_word' id='word_1_264' title='bbox 314 2862 456 2925; x_wconf 78' lang='grc' dir='ltr'><em>ιλανάτου</em></span> <span class='ocrx_word' id='word_1_265' title='bbox 479 2860 589 2944; x_wconf 86' lang='grc' dir='ltr'><em>μέρος]</em></span> <span class='ocrx_word' id='word_1_266' title='bbox 614 2862 637 2924; x_wconf 86' lang='lat' dir='ltr'><em>I.</em></span> <span class='ocrx_word' id='word_1_267' title='bbox 655 2880 682 2942; x_wconf 92' lang='lat' dir='ltr'><em>q.</em></span> <span class='ocrx_word' id='word_1_268' title='bbox 706 2862 848 2924; x_wconf 82' lang='grc' dir='ltr'><em>δσνάτου</em></span> <span class='ocrx_word' id='word_1_269' title='bbox 872 2867 997 2943; x_wconf 88' lang='grc' dir='ltr'><em>μοῖραν.</em></span> 
     </span>
    </p>

    <p class='ocr_par' dir='ltr' id='par_1_13' title="bbox 126 2948 1350 3211">
     <span class='ocr_line' id='line_1_33' title="bbox 218 2948 1350 3033; baseline -0.002 -20"><span class='ocrx_word' id='word_1_270' title='bbox 218 2951 290 3013; x_wconf 85' lang='grc'><strong>632.</strong></span> <span class='ocrx_word' id='word_1_271' title='bbox 315 2951 365 3013; x_wconf 84' lang='grc' dir='ltr'><em>σία</em></span> <span class='ocrx_word' id='word_1_272' title='bbox 390 2950 430 3032; x_wconf 87' lang='grc' dir='ltr'><em>δή</em></span> <span class='ocrx_word' id='word_1_273' title='bbox 455 2951 482 3032; x_wconf 86' lang='grc' dir='ltr'><em>χ’</em></span> <span class='ocrx_word' id='word_1_274' title='bbox 507 2951 587 3032; x_wconf 75' lang='grc' dir='ltr'><em>ἐμοῦ</em></span> <span class='ocrx_word' id='word_1_275' title='bbox 612 2950 669 3033; x_wconf 92' lang='grc'><em>-]</em></span> <span class='ocrx_word' id='word_1_276' title='bbox 694 2951 744 3013; x_wconf 81' lang='grc' dir='ltr'><em>σία</em></span> <span class='ocrx_word' id='word_1_277' title='bbox 769 2949 798 3032; x_wconf 81' lang='grc' dir='ltr'><em>γ’</em></span> <span class='ocrx_word' id='word_1_278' title='bbox 822 2952 841 3032; x_wconf 77' lang='grc' dir='ltr'><em>ἡ</em></span> <span class='ocrx_word' id='word_1_279' title='bbox 868 2948 911 3012; x_wconf 90' lang='grc' dir='ltr'><em>’π’</em></span> <span class='ocrx_word' id='word_1_280' title='bbox 930 2950 1100 3014; x_wconf 80' lang='grc'><strong>-8101111,</strong></span> <span class='ocrx_word' id='word_1_281' title='bbox 1125 2949 1165 3012; x_wconf 89' lang='lat' dir='ltr'><em>M.</em></span> <span class='ocrx_word' id='word_1_282' title='bbox 1183 2948 1215 3012; x_wconf 90' lang='grc'><em>0.</em></span> <span class='ocrx_word' id='word_1_283' title='bbox 1232 2950 1256 3012; x_wconf 88' lang='grc'><em>1.</em></span> <span class='ocrx_word' id='word_1_284' title='bbox 1280 2951 1350 3012; x_wconf 86' lang='grc'><strong>182.</strong></span> 
     </span>
     <span class='ocr_line' id='line_1_34' title="bbox 126 3038 1350 3123; baseline -0.002 -21"><span class='ocrx_word' id='word_1_285' title='bbox 126 3038 263 3103; x_wconf 82' lang='lat' dir='ltr'><em>Frustra.</em></span> <span class='ocrx_word' id='word_1_286' title='bbox 304 3038 348 3102; x_wconf 87' lang='grc'><em>01.</em></span> <span class='ocrx_word' id='word_1_287' title='bbox 373 3038 480 3123; x_wconf 86' lang='lat' dir='ltr'>Suppl.</span> <span class='ocrx_word' id='word_1_288' title='bbox 501 3041 571 3102; x_wconf 89' lang='grc'><strong>173.</strong></span> <span class='ocrx_word' id='word_1_289' title='bbox 596 3041 614 3101; x_wconf 89' lang='grc' dir='ltr'><strong><em>ὃ</em></strong></span> <span class='ocrx_word' id='word_1_290' title='bbox 638 3039 677 3122; x_wconf 82' lang='grc' dir='ltr'><em>δή</em></span> <span class='ocrx_word' id='word_1_291' title='bbox 695 3064 729 3121; x_wconf 81' lang='grc' dir='ltr'><em>γε</em></span> <span class='ocrx_word' id='word_1_292' title='bbox 744 3038 882 3109; x_wconf 80' lang='grc' dir='ltr'><em>πολλοὺς</em></span> <span class='ocrx_word' id='word_1_293' title='bbox 898 3039 997 3103; x_wconf 81' lang='grc' dir='ltr'><em>ὤλεσε</em></span> <span class='ocrx_word' id='word_1_294' title='bbox 1012 3040 1229 3121; x_wconf 81' lang='grc' dir='ltr'><em>στρατηλάτας.</em></span> <span class='ocrx_word' id='word_1_295' title='bbox 1254 3040 1350 3102; x_wconf 83' lang='lat' dir='ltr'>Arist.</span> 
     </span>
     <span class='ocr_line' id='line_1_35' title="bbox 128 3126 1176 3211; baseline -0.003 -20"><span class='ocrx_word' id='word_1_296' title='bbox 128 3129 207 3191; x_wconf 78' lang='lat' dir='ltr'>noh.</span> <span class='ocrx_word' id='word_1_297' title='bbox 233 3129 305 3191; x_wconf 88' lang='grc'><strong>753.</strong></span> <span class='ocrx_word' id='word_1_298' title='bbox 330 3128 380 3192; x_wconf 87' lang='grc' dir='ltr'><em>οἷα</em></span> <span class='ocrx_word' id='word_1_299' title='bbox 406 3129 445 3211; x_wconf 86' lang='grc' dir='ltr'><em>δή</em></span> <span class='ocrx_word' id='word_1_300' title='bbox 470 3130 677 3211; x_wconf 79' lang='grc' dir='ltr'><em>(πράττομεν).</em></span> <span class='ocrx_word' id='word_1_301' title='bbox 717 3126 774 3203; x_wconf 80' lang='lat' dir='ltr'><em>Qu.</em></span> <span class='ocrx_word' id='word_1_302' title='bbox 799 3131 849 3192; x_wconf 86' lang='grc' dir='ltr'><em>οἵα</em></span> <span class='ocrx_word' id='word_1_303' title='bbox 874 3129 913 3210; x_wconf 86' lang='grc' dir='ltr'><em>δή</em></span> <span class='ocrx_word' id='word_1_304' title='bbox 940 3128 992 3191; x_wconf 89' lang='grc' dir='ltr'><em>’στ’</em></span> <span class='ocrx_word' id='word_1_305' title='bbox 1017 3128 1096 3209; x_wconf 79' lang='grc' dir='ltr'><em>ἐμοῦ</em></span> <span class='ocrx_word' id='word_1_306' title='bbox 1122 3165 1176 3188; x_wconf 88' lang='lat'><em>—-.</em></span> 
     </span>
    </p>

    <p class='ocr_par' dir='ltr' id='par_1_14' title="bbox 128 3216 1351 3390">
     <span class='ocr_line' id='line_1_36' title="bbox 218 3216 1351 3301; baseline -0.002 -21"><span class='ocrx_word' id='word_1_307' title='bbox 218 3218 290 3281; x_wconf 90' lang='grc'><strong>633.</strong></span> <span class='ocrx_word' id='word_1_308' title='bbox 314 3219 343 3280; x_wconf 92' lang='grc' dir='ltr'><em>τί</em></span> <span class='ocrx_word' id='word_1_309' title='bbox 363 3225 471 3300; x_wconf 85' lang='grc' dir='ltr'><em>χρῆμα</em></span> <span class='ocrx_word' id='word_1_310' title='bbox 498 3217 567 3301; x_wconf 84' lang='grc'><em>-,·]</em></span> <span class='ocrx_word' id='word_1_311' title='bbox 592 3218 636 3281; x_wconf 92' lang='grc'><em>01.</em></span> <span class='ocrx_word' id='word_1_312' title='bbox 661 3217 742 3282; x_wconf 83' lang='lat' dir='ltr'><strong>Med.</strong></span> <span class='ocrx_word' id='word_1_313' title='bbox 764 3218 856 3281; x_wconf 86' lang='lat'>1008.</span> <span class='ocrx_word' id='word_1_314' title='bbox 880 3219 908 3280; x_wconf 90' lang='grc' dir='ltr'><em>τί</em></span> <span class='ocrx_word' id='word_1_315' title='bbox 930 3217 970 3299; x_wconf 83' lang='grc' dir='ltr'><em>δὴ</em></span> <span class='ocrx_word' id='word_1_316' title='bbox 994 3223 1145 3299; x_wconf 81' lang='grc' dir='ltr'><em>κατηφεῖς</em></span> <span class='ocrx_word' id='word_1_317' title='bbox 1168 3216 1351 3299; x_wconf 72' lang='grc' dir='ltr'><em>(κατηφὲςῗ)</em></span> 
     </span>
     <span class='ocr_line' id='line_1_37' title="bbox 128 3305 1351 3390; baseline -0.002 -21"><span class='ocrx_word' id='word_1_318' title='bbox 128 3309 218 3390; x_wconf 88' lang='grc' dir='ltr'><em>ὄμμα</em></span> <span class='ocrx_word' id='word_1_319' title='bbox 234 3306 288 3369; x_wconf 83' lang='grc' dir='ltr'><em>καί</em></span> <span class='ocrx_word' id='word_1_320' title='bbox 299 3307 523 3389; x_wconf 86' lang='grc' dir='ltr'><em>δακρυρροεῖς;</em></span> <span class='ocrx_word' id='word_1_321' title='bbox 606 3305 756 3390; x_wconf 75' lang='grc' dir='ltr'><em>κατηφές]</em></span> <span class='ocrx_word' id='word_1_322' title='bbox 767 3306 956 3390; x_wconf 77' lang='lat' dir='ltr'>Dejectus.</span> <span class='ocrx_word' id='word_1_323' title='bbox 979 3306 1113 3390; x_wconf 79' lang='lat' dir='ltr'>Anglice</span> <span class='ocrx_word' id='word_1_324' title='bbox 1130 3306 1351 3369; x_wconf 82' lang='lat' dir='ltr'>down-cast.</span> 
     </span>
    </p>

    <p class='ocr_par' dir='ltr' id='par_1_15' title="bbox 218 3395 1013 3480">
     <span class='ocr_line' id='line_1_38' title="bbox 218 3395 1013 3480; baseline -0.003 -22"><span class='ocrx_word' id='word_1_325' title='bbox 218 3397 291 3459; x_wconf 80' lang='lat'><strong>634.</strong></span> <span class='ocrx_word' id='word_1_326' title='bbox 315 3395 525 3480; x_wconf 89' lang='grc' dir='ltr'><em>συνεσχδμην]</em></span> <span class='ocrx_word' id='word_1_327' title='bbox 550 3397 739 3478; x_wconf 84' lang='grc' dir='ltr'><em>ξυνειχόμην</em></span> <span class='ocrx_word' id='word_1_328' title='bbox 762 3395 870 3458; x_wconf 82' lang='lat' dir='ltr'><strong>Elmsl.</strong></span> <span class='ocrx_word' id='word_1_329' title='bbox 909 3395 1013 3459; x_wconf 80' lang='lat' dir='ltr'>Recte.</span> 
     </span>
    </p>

    <p class='ocr_par' dir='ltr' id='par_1_16' title="bbox 128 3484 1351 3747">
     <span class='ocr_line' id='line_1_39' title="bbox 218 3484 1350 3569; baseline -0.002 -21"><span class='ocrx_word' id='word_1_330' title='bbox 218 3487 291 3549; x_wconf 80' lang='lat'>640.</span> <span class='ocrx_word' id='word_1_331' title='bbox 316 3486 422 3568; x_wconf 80' lang='grc' dir='ltr'><em>σωτὴρ</em></span> <span class='ocrx_word' id='word_1_332' title='bbox 446 3494 511 3569; x_wconf 78' lang='grc' dir='ltr'><em>νῷν</em></span> <span class='ocrx_word' id='word_1_333' title='bbox 533 3485 666 3568; x_wconf 80' lang='grc' dir='ltr'><em>βλάβης]</em></span> <span class='ocrx_word' id='word_1_334' title='bbox 695 3484 815 3549; x_wconf 83' lang='lat' dir='ltr'>Similis</span> <span class='ocrx_word' id='word_1_335' title='bbox 844 3502 975 3548; x_wconf 79' lang='lat' dir='ltr'>caesura</span> <span class='ocrx_word' id='word_1_336' title='bbox 998 3485 1103 3566; x_wconf 88' lang='lat' dir='ltr'>quinti</span> <span class='ocrx_word' id='word_1_337' title='bbox 1124 3484 1215 3567; x_wconf 85' lang='lat' dir='ltr'>podis</span> <span class='ocrx_word' id='word_1_338' title='bbox 1243 3488 1291 3546; x_wconf 87' lang='lat' dir='ltr'><em>ost</em></span> <span class='ocrx_word' id='word_1_339' title='bbox 1318 3484 1350 3546; x_wconf 93' lang='lat' dir='ltr'><em>in</em></span> 
     </span>
     <span class='ocr_line' id='line_1_40' title="bbox 128 3572 1351 3658; baseline -0.005 -20"><span class='ocrx_word' id='word_1_340' title='bbox 128 3573 222 3658; x_wconf 90' lang='lat' dir='ltr'>Soph.</span> <span class='ocrx_word' id='word_1_341' title='bbox 248 3574 445 3640; x_wconf 78' lang='lat'>0.0.1543.</span> <span class='ocrx_word' id='word_1_342' title='bbox 470 3583 563 3657; x_wconf 80' lang='grc' dir='ltr'><em>σφῷν</em></span> <span class='ocrx_word' id='word_1_343' title='bbox 588 3573 616 3637; x_wconf 90' lang='grc' dir='ltr'><em>δ’</em></span> <span class='ocrx_word' id='word_1_344' title='bbox 640 3572 681 3637; x_wconf 83' lang='grc' dir='ltr'><em>αὖ</em></span> <span class='ocrx_word' id='word_1_345' title='bbox 704 3576 870 3657; x_wconf 81' lang='grc' dir='ltr'><em>πέφασμαι</em></span> <span class='ocrx_word' id='word_1_346' title='bbox 888 3574 1010 3647; x_wconf 85' lang='grc' dir='ltr'><em>καινὸς,</em></span> <span class='ocrx_word' id='word_1_347' title='bbox 1034 3574 1143 3654; x_wconf 85' lang='grc' dir='ltr'><em>ὥσπερ</em></span> <span class='ocrx_word' id='word_1_348' title='bbox 1160 3572 1234 3655; x_wconf 79' lang='grc' dir='ltr'><em>σφὼ</em></span> <span class='ocrx_word' id='word_1_349' title='bbox 1250 3574 1351 3654; x_wconf 87' lang='grc' dir='ltr'><em>πατρί.</em></span> 
     </span>
     <span class='ocr_line' id='line_1_41' title="bbox 129 3662 415 3747; baseline 0.007 -20"><span class='ocrx_word' id='word_1_350' title='bbox 129 3662 187 3741; x_wconf 82' lang='lat' dir='ltr'><em>Qu.</em></span> <span class='ocrx_word' id='word_1_351' title='bbox 211 3672 278 3746; x_wconf 77' lang='grc' dir='ltr'><em>νῷν</em></span> <span class='ocrx_word' id='word_1_352' title='bbox 301 3666 415 3747; x_wconf 84' lang='grc' dir='ltr'><em>σιυτήρ.</em></span> 
     </span>
    </p>

    <p class='ocr_par' dir='ltr' id='par_1_17' title="bbox 219 3751 1251 3817">
     <span class='ocr_line' id='line_1_42' title="bbox 219 3751 1251 3817; baseline -0.003 -1"><span class='ocrx_word' id='word_1_353' title='bbox 219 3755 292 3817; x_wconf 74' lang='grc'><strong>613.</strong></span> <span class='ocrx_word' id='word_1_354' title='bbox 315 3755 418 3817; x_wconf 91' lang='grc' dir='ltr'><em>τοῖσδε</em></span> <span class='ocrx_word' id='word_1_355' title='bbox 442 3754 530 3817; x_wconf 87' lang='lat' dir='ltr'>Rom.</span> <span class='ocrx_word' id='word_1_356' title='bbox 548 3753 580 3817; x_wconf 92' lang='grc'><em>0.</em></span> <span class='ocrx_word' id='word_1_357' title='bbox 604 3753 697 3817; x_wconf 87' lang='grc' dir='ltr'><em>τοῦδε</em></span> <span class='ocrx_word' id='word_1_358' title='bbox 721 3751 830 3815; x_wconf 80' lang='lat' dir='ltr'><strong>Elmsl.</strong></span> <span class='ocrx_word' id='word_1_359' title='bbox 854 3752 962 3816; x_wconf 86' lang='lat' dir='ltr'>Kirch.</span> <span class='ocrx_word' id='word_1_360' title='bbox 986 3751 1107 3815; x_wconf 82' lang='lat' dir='ltr'>Nauck.</span> <span class='ocrx_word' id='word_1_361' title='bbox 1145 3751 1251 3816; x_wconf 84' lang='lat' dir='ltr'>Recto.</span> 
     </span>
    </p>

    <p class='ocr_par' dir='ltr' id='par_1_18' title="bbox 129 3841 1351 4015">
     <span class='ocr_line' id='line_1_43' title="bbox 219 3841 1351 3926; baseline -0.002 -21"><span class='ocrx_word' id='word_1_362' title='bbox 219 3845 292 3905; x_wconf 84' lang='grc'><strong>644.</strong></span> <span class='ocrx_word' id='word_1_363' title='bbox 316 3842 493 3926; x_wconf 88' lang='grc' dir='ltr'><em>ὠδίνουσα]</em></span> <span class='ocrx_word' id='word_1_364' title='bbox 523 3841 566 3906; x_wconf 84' lang='lat' dir='ltr'><em>Cf.</em></span> <span class='ocrx_word' id='word_1_365' title='bbox 595 3841 687 3925; x_wconf 79' lang='lat' dir='ltr'>Soph.</span> <span class='ocrx_word' id='word_1_366' title='bbox 711 3842 759 3904; x_wconf 86' lang='lat' dir='ltr'><em>Tr.</em></span> <span class='ocrx_word' id='word_1_367' title='bbox 785 3843 856 3905; x_wconf 87' lang='grc'><strong>325.</strong></span> <span class='ocrx_word' id='word_1_368' title='bbox 890 3842 956 3904; x_wconf 84' lang='grc' dir='ltr'><em>ἀλλ’</em></span> <span class='ocrx_word' id='word_1_369' title='bbox 989 3841 1056 3904; x_wconf 82' lang='grc' dir='ltr'><em>αι’ὲν</em></span> <span class='ocrx_word' id='word_1_370' title='bbox 1083 3841 1242 3905; x_wconf 83' lang='grc' dir='ltr'><em>ὠδίνουσα</em></span> <span class='ocrx_word' id='word_1_371' title='bbox 1271 3865 1351 3923; x_wconf 93' lang='grc' dir='ltr'><em>συμ-</em></span> 
     </span>
     <span class='ocr_line' id='line_1_44' title="bbox 129 3928 1152 4015; baseline -0.002 -19"><span class='ocrx_word' id='word_1_372' title='bbox 129 3938 235 4015; x_wconf 82' lang='grc' dir='ltr'><em>φορᾶς</em></span> <span class='ocrx_word' id='word_1_373' title='bbox 256 3933 370 4015; x_wconf 81' lang='grc' dir='ltr'><em>βάρος,</em></span> <span class='ocrx_word' id='word_1_374' title='bbox 395 3940 452 3996; x_wconf 86' lang='lat' dir='ltr'>eto.</span> <span class='ocrx_word' id='word_1_375' title='bbox 477 3934 527 3995; x_wconf 86' lang='grc'><em>41.</em></span> <span class='ocrx_word' id='word_1_376' title='bbox 553 3933 602 4014; x_wconf 80' lang='lat' dir='ltr'><em>Aj.</em></span> <span class='ocrx_word' id='word_1_377' title='bbox 628 3933 699 3995; x_wconf 76' lang='lat'><em>794.</em></span> <span class='ocrx_word' id='word_1_378' title='bbox 724 3932 805 3994; x_wconf 89' lang='grc' dir='ltr'><em>ώστε</em></span> <span class='ocrx_word' id='word_1_379' title='bbox 827 3928 862 4013; x_wconf 91' lang='grc' dir='ltr'><em>μ’</em></span> <span class='ocrx_word' id='word_1_380' title='bbox 885 3931 1009 3994; x_wconf 88' lang='grc' dir='ltr'><em>ὠδίνειν</em></span> <span class='ocrx_word' id='word_1_381' title='bbox 1031 3932 1152 4013; x_wconf 80' lang='grc' dir='ltr'><em>τίφης.</em></span> 
     </span>
    </p>

    <p class='ocr_par' dir='ltr' id='par_1_19' title="bbox 129 4019 1353 4194">
     <span class='ocr_line' id='line_1_45' title="bbox 220 4019 1352 4104; baseline 0 -21"><span class='ocrx_word' id='word_1_382' title='bbox 220 4023 292 4084; x_wconf 84' lang='grc'><strong>645.</strong></span> <span class='ocrx_word' id='word_1_383' title='bbox 316 4022 425 4104; x_wconf 80' lang='grc' dir='ltr'><em>ιμυχην</em></span> <span class='ocrx_word' id='word_1_384' title='bbox 448 4021 574 4104; x_wconf 81' lang='grc' dir='ltr'><em>ἕτήκου]</em></span> <span class='ocrx_word' id='word_1_385' title='bbox 600 4021 644 4084; x_wconf 89' lang='grc'><em>01.</em></span> <span class='ocrx_word' id='word_1_386' title='bbox 669 4020 715 4082; x_wconf 84' lang='grc' dir='ltr'><em>ΕΙ.</em></span> <span class='ocrx_word' id='word_1_387' title='bbox 741 4021 815 4084; x_wconf 87' lang='grc'><strong>208.</strong></span> <span class='ocrx_word' id='word_1_388' title='bbox 838 4020 947 4103; x_wconf 84' lang='grc' dir='ltr'><em>ηιυχάν</em></span> <span class='ocrx_word' id='word_1_389' title='bbox 970 4022 1138 4102; x_wconf 89' lang='grc' dir='ltr'><em>τακομένα.</em></span> <span class='ocrx_word' id='word_1_390' title='bbox 1172 4019 1254 4084; x_wconf 83' lang='lat' dir='ltr'>Med.</span> <span class='ocrx_word' id='word_1_391' title='bbox 1281 4020 1352 4083; x_wconf 79' lang='lat'>141.</span> 
     </span>
     <span class='ocr_line' id='line_1_46' title="bbox 129 4109 1353 4194; baseline -0.002 -20"><span class='ocrx_word' id='word_1_392' title='bbox 129 4113 215 4175; x_wconf 89' lang='grc' dir='ltr'><em>τάκει</em></span> <span class='ocrx_word' id='word_1_393' title='bbox 237 4111 354 4192; x_wconf 90' lang='grc' dir='ltr'><em>βιοτάν.</em></span> <span class='ocrx_word' id='word_1_394' title='bbox 378 4109 427 4173; x_wconf 85' lang='lat' dir='ltr'><em>Fr.</em></span> <span class='ocrx_word' id='word_1_395' title='bbox 453 4111 527 4189; x_wconf 76' lang='lat'><strong>908,</strong></span> <span class='ocrx_word' id='word_1_396' title='bbox 544 4111 572 4171; x_wconf 93' lang='grc'><em>6.</em></span> <span class='ocrx_word' id='word_1_397' title='bbox 588 4112 676 4194; x_wconf 79' lang='grc' dir='ltr'><em>τήνω</em></span> <span class='ocrx_word' id='word_1_398' title='bbox 693 4110 839 4172; x_wconf 88' lang='grc' dir='ltr'><em>τάλαιναν</em></span> <span class='ocrx_word' id='word_1_399' title='bbox 855 4110 1028 4191; x_wconf 62' lang='grc' dir='ltr'><em>(τάλαιναῗ)</em></span> <span class='ocrx_word' id='word_1_400' title='bbox 1051 4109 1185 4190; x_wconf 91' lang='grc' dir='ltr'><em>καρδίαν</em></span> <span class='ocrx_word' id='word_1_401' title='bbox 1202 4110 1353 4191; x_wconf 83' lang='grc' dir='ltr'><em>δρριυδίᾳ.</em></span> 
     </span>
    </p>

    <p class='ocr_par' dir='ltr' id='par_1_20' title="bbox 129 4199 1353 4372">
     <span class='ocr_line' id='line_1_47' title="bbox 220 4199 1353 4283; baseline -0.001 -22"><span class='ocrx_word' id='word_1_402' title='bbox 220 4200 292 4262; x_wconf 80' lang='grc'><strong>046,</strong></span> <span class='ocrx_word' id='word_1_403' title='bbox 325 4201 354 4261; x_wconf 89' lang='grc' dir='ltr'><em>τί</em></span> <span class='ocrx_word' id='word_1_404' title='bbox 378 4200 477 4283; x_wconf 80' lang='grc' dir='ltr'><em>χρῆμ’</em></span> <span class='ocrx_word' id='word_1_405' title='bbox 501 4201 602 4269; x_wconf 85' lang='grc' dir='ltr'><em>ἀῦτεῖς</em></span> <span class='ocrx_word' id='word_1_406' title='bbox 628 4205 692 4262; x_wconf 88' lang='grc' dir='ltr'><em>πᾶν</em></span> <span class='ocrx_word' id='word_1_407' title='bbox 722 4224 780 4275; x_wconf 84' lang='grc'><em>-,·</em></span> <span class='ocrx_word' id='word_1_408' title='bbox 809 4199 931 4281; x_wconf 77' lang='lat' dir='ltr'>aliquot</span> <span class='ocrx_word' id='word_1_409' title='bbox 957 4220 1030 4263; x_wconf 80' lang='lat' dir='ltr'><strong>mss.</strong></span> <span class='ocrx_word' id='word_1_410' title='bbox 1064 4199 1206 4261; x_wconf 85' lang='lat' dir='ltr'>Pierson.</span> <span class='ocrx_word' id='word_1_411' title='bbox 1235 4199 1353 4282; x_wconf 84' lang='lat' dir='ltr'>Musgr.</span> 
     </span>
     <span class='ocr_line' id='line_1_48' title="bbox 129 4288 1314 4372; baseline -0.002 -20"><span class='ocrx_word' id='word_1_412' title='bbox 129 4289 239 4353; x_wconf 83' lang='lat' dir='ltr'><strong>Elmsl.</strong></span> <span class='ocrx_word' id='word_1_413' title='bbox 278 4289 323 4353; x_wconf 88' lang='grc'><em>01.</em></span> <span class='ocrx_word' id='word_1_414' title='bbox 349 4289 422 4351; x_wconf 90' lang='grc'><strong>663.</strong></span> <span class='ocrx_word' id='word_1_415' title='bbox 445 4291 474 4351; x_wconf 86' lang='grc' dir='ltr'><em>τί</em></span> <span class='ocrx_word' id='word_1_416' title='bbox 494 4296 603 4372; x_wconf 80' lang='grc' dir='ltr'><em>χρῆμα</em></span> <span class='ocrx_word' id='word_1_417' title='bbox 627 4295 726 4352; x_wconf 84' lang='grc' dir='ltr'><em>κεῖσαι</em></span> <span class='ocrx_word' id='word_1_418' title='bbox 751 4313 809 4363; x_wconf 85' lang='lat'><em>—‚·</em></span> <span class='ocrx_word' id='word_1_419' title='bbox 835 4289 906 4352; x_wconf 89' lang='grc'><strong>709.</strong></span> <span class='ocrx_word' id='word_1_420' title='bbox 930 4289 958 4350; x_wconf 90' lang='grc' dir='ltr'><em>τί</em></span> <span class='ocrx_word' id='word_1_421' title='bbox 978 4294 1087 4370; x_wconf 80' lang='grc' dir='ltr'><em>χρῆμα</em></span> <span class='ocrx_word' id='word_1_422' title='bbox 1110 4288 1231 4369; x_wconf 92' lang='grc' dir='ltr'><em>μέλλεις</em></span> <span class='ocrx_word' id='word_1_423' title='bbox 1259 4313 1314 4364; x_wconf 87' lang='grc'><em>-;</em></span> 
     </span>
    </p>

    <p class='ocr_par' dir='ltr' id='par_1_21' title="bbox 130 4375 1355 4553">
     <span class='ocr_line' id='line_1_49' title="bbox 220 4375 1355 4464; baseline 0.001 -24"><span class='ocrx_word' id='word_1_424' title='bbox 220 4380 293 4441; x_wconf 76' lang='grc'><strong>618.</strong></span> <span class='ocrx_word' id='word_1_425' title='bbox 317 4379 455 4462; x_wconf 79' lang='grc' dir='ltr'><em>ἀσθενὴς</em></span> <span class='ocrx_word' id='word_1_426' title='bbox 486 4416 531 4424; x_wconf 97' lang='grc'>-</span> <span class='ocrx_word' id='word_1_427' title='bbox 563 4377 675 4461; x_wconf 84' lang='grc' dir='ltr'><em>ῥώμη]</em></span> <span class='ocrx_word' id='word_1_428' title='bbox 705 4377 750 4440; x_wconf 86' lang='grc'><em>01.</em></span> <span class='ocrx_word' id='word_1_429' title='bbox 781 4377 831 4440; x_wconf 90' lang='lat' dir='ltr'><em>Or.</em></span> <span class='ocrx_word' id='word_1_430' title='bbox 862 4378 911 4441; x_wconf 88' lang='grc'><em>68.</em></span> <span class='ocrx_word' id='word_1_431' title='bbox 945 4377 994 4440; x_wconf 80' lang='grc' dir='ltr'><em>ἐπ’</em></span> <span class='ocrx_word' id='word_1_432' title='bbox 1028 4378 1184 4447; x_wconf 73' lang='grc' dir='ltr'><em>ἀσθενοῦς</em></span> <span class='ocrx_word' id='word_1_433' title='bbox 1212 4375 1216 4464; x_wconf 89' lang='grc'><em>]</em></span> <span class='ocrx_word' id='word_1_434' title='bbox 1241 4378 1355 4460; x_wconf 85' lang='grc' dir='ltr'><em>ῥώμης</em></span> 
     </span>
     <span class='ocr_line' id='line_1_50' title="bbox 130 4469 294 4553; baseline -0.006 -21"><span class='ocrx_word' id='word_1_435' title='bbox 130 4469 294 4553; x_wconf 69' lang='grc' dir='ltr'><em>ὀχούμεθ’.</em></span> 
     </span>
    </p>
   </div>
   <div class='ocr_carea' id='block_1_4' title="bbox 0 0 1620 5174">
    <p class='ocr_par' dir='ltr' id='par_1_22' title="bbox 0 0 1620 5174">
     <span class='ocr_line' id='line_1_51' title="bbox 0 0 1620 5174; baseline 0 0"><span class='ocrx_word' id='word_1_436' title='bbox 0 0 1620 5174; x_wconf 95' lang='lat' dir='ltr'><em> </em></span> 
     </span>
    </p>
   </div>
  </div>
 </body>
</html>
